4125 5242
2098 483 2238 573 18

691 760 947 819 auctor
976 741 1392 817 certaminis
1430 736 1730 811 Homeri
1763 749 1836 807 et
1862 731 2171 808 Hesiodi
2197 760 2270 833 p.
2304 738 2445 808 322
2487 732 2604 841 ed.
2639 736 3014 837 Goettling
3046 763 3134 813 ex
3163 736 3650 811 Eratosthene

689 889 951 962 refertt
1025 894 1522 985 Ἐρατοσθένης
1564 891 1633 959 δέ
1675 894 1880 981 φησιν
1922 889 1986 959 ἐν
2026 890 2373 981 ’Emit-6650
2417 893 2746 980 Κτίμενον
2796 886 3261 981 καῖἌντιφον
3303 892 3475 968 τοὺς
3517 901 3652 962 Γα-

691 1028 1026 1115 νύκτορος
1082 1024 1186 1094 ἐπὶ
1247 1027 1334 1115 τῆ
1398 1020 1835 1115 προειρημένη
1890 1022 2078 1109 αἰτίᾳ
2136 1020 2564 1096 ἀνελθόντας
2623 1026 3133 1109 σφαγιασθῆναι
3191 1025 3479 1111 θεσμοῖς
3533 1024 3651 1108 ξε-

689 1161 857 1231 νίοις
902 1154 1034 1224 imo*
1075 1148 1523 1245 Εὖρυκλέους
1560 1152 1690 1220 τοῦ
1723 1151 2057 1233 μάντεώς·
2119 1149 2240 1233 τὴν
2276 1150 2925 1240 μέντοι·παρθένον,
3006 1150 3127 1237 τὴν
3170 1151 3472 1238 ἀδελφὴν
3514 1154 3648 1220 τῶν

688 1285 1218 1378 προειρημένων,
1291 1283 1463 1370 μετὰ
1517 1281 1642 1369 τὴν
1700 1281 1941 1369 φωρᾶν
1999 1277 2246 1365 ἑαυτὴν
2289 1280 2696 1370 ἀναρτῆσαι,
2769 1283 3118 1371 φθαρῆναι
3162 1279 3217 1345 δ’
3276 1275 3409 1347 ὑπό
3465 1304 3648 1353 τινος

690 1416 889 1501 ξένου
937 1412 1221 1481 συνόδου
1265 1412 1391 1480 τοῦ
1433 1408 1777 1494 Ησιόδου,
1822 1404 2281 1497 Δημῶδους”
2241 1432 2476 1498 ονομα,
2520 1404 2594 1476 ὃν
2639 1435 2751 1477 και
2796 1406 3005 1478 αὑτὸν
3049 1409 3493 1496 ἀναιρεθῆναι
3518 1403 3647 1477 υπὸ

687 1563 821 1627 τῶν
869 1559 1091 1626 ἀστῶν
1137 1559 1367 1647 φησιν.
1457 1541 1603 1616 Sed
1626 1523 1930 1614 dubius
1987 1538 2237 1613 haeret
2266 1544 2628 1662 OsannuS,
2672 1556 2917 1613 utrum
2960 1538 3421 1637 Bernhardyi
3467 1565 3647 1614 sen-

688 1693 986 1765 tentiam
1058 1688 1574 1788 amplectatur,
1660 1687 1790 1784 qui
1841 1683 2029 1757 haec
2104 1654 2204 1756 ad
2266 1654 2911 1784 chronographias
2958 1682 3465 1757 Eratosthenis
3515 1709 3646 1757 re-

686 1834 882 1924 tulit,
948 1836 1324 1933 corrigens
1367 1843 1430 1910 ἐν
1492 1840 1743 1931 &vnde-²2
1763 1840 2218 1930 Ὀλυμπιαδι,
2282 1853 2475 1928 quae
2524 1832 2881 1902 correctio
2928 1827 3135 1900 nullo
3188 1845 3405 1926 pacto
3458 1852 3648 1928 pro-

688 1976 854 2050 bari
891 1991 1150 2076 potest,
1195 2001 1289 2050 an
1323 1974 1784 2047 Holstenium
1835 1942 2125 2048 secutus
2173 1983 2236 2052 ἐν
2267 1984 2603 2072 Ἠριγόνῳ
2647 1971 2766 2047 vel
2799 1975 3044 2071 potius
3081 1983 3400 2073 Ἠριγόνῃ
3450 1975 3646 2046 scri-

686 2122 856 2194 bat:
926 2136 996 2196 et
1049 2119 1245 2192 hanc
1295 2115 1885 2190 emendationem
1937 2134 2016 2189 ut
2070 2084 2660 2214 commendaret,
2727 2119 3046 2215 conjecit
3099 2122 3438 2189 Osannus
3486 2122 3648 2192 Ga-

656 2281 1063 2362 .nyctorem
1116 2262 1325 2335 illum
1377 2231 1477 2335 ad
1526 2260 1894 2333 Bacchum
1941 2284 2156 2333 suum
2210 2286 2445 2360 genus
2511 2263 2888 2353 retulisse,
2937 2260 3068 2333 -de
3136 2286 3282 2359 qua
3331 2286 3412 2334 re
3464 2234 3645 2334 nihil

685 2408 907 2506 plane
957 2422 1067 2480 est
1117 2408 1520 2478 memoriae
1569 2402 1971 2505 proditum,
2021 2419 2096 2476 et
2148 2421 2460 2503 propter
2491 2405 2689 2479 hanc
2715 2404 2987 2478 Bacchi
3023 2364 3646 2503 cum⁴Ganyctore

687 2553 1332 2650 conjunctionem,
1411 2550 1625 2620 etiam
1694 2545 2001 2620 Hesiodi
2065 2563 2375 2621 mortem
2448 2552 2525 2621 in
2576 2551 2899 2648 Erigone
2947 2552 3347 2647 expositam
3400 2548 3647 2626 fuisse.

683 2703 793 2769 At‘
824 2697 997 2768 satis
1046 2695 1555 2792 intempestive
1584 2689 2116 2766 Eratosthenes
2165 2691 2489 2765 fabulari
2545 2691 2880 2766 doctrina
2935 2693 3215 2768 abusus
3263 2719 3422 2769 esse
3482 2720 3646 2769 cen·

687 2836 961 2914 sendus
1015 2852 1225 2930 esset,
1275 2839 1338 2911 si
1387 2859 1682 2909 omnem
1730 2834 1927 2909 hanc
1976 2839 2434 2930 memoriam,
2482 2835 2724 2937 (quod
2779 2842 3201 2911 necessario
3251 2835 3461 2913 locus
3513 2838 3641 2914 ille

686 2985 1101 3059 certaminis
1119 2985 1332 3055 Hom.
1348 2998 1419 3054 et
1436 2978 1738 3055 Hesiodi
1772 2981 2046 3078 arguit)
2081 2982 2156 3053 in
2174 2979 2321 3055 hac
2349 2980 2584 3080 elegia
2606 2997 3038 3080 persecutus
3061 2996 3288 3073 esset,
3312 3002 3531 3083 quam
3551 3009 3642 3059 eo

678 3131 855 3231 ipso
895 3129 1197 3201 nomine
1248 3126 1713 3225 potissimum
1759 3122 1981 3201 lande
2033 3121 2336 3225 dignam
2387 3142 2635 3202 censet
2679 3128 3101 3224 Longinus,
3181 3126 3392 3226 quod
3456 3127 3648 3203 nihil

682 3275 879 3366 insit,
920 3270 1130 3372 quod
1179 3296 1221 3347 a
1258 3273 1645 3370 proposito
1691 3285 1763 3345 et
1798 3267 1895 3343 ab
1949 3271 2278 3345 instituta
2324 3273 2679 3346 sententia
2731 3271 3495 3364 abhorreat,.cumvel
3535 3275 3642 3347 in·

681 3418 1170 3515 geniosissimi
1222 3430 1485 3514 poetae
1536 3430 1881 3513 peccent,
1929 3416 2215 3514 qnippe
2265 3421 2394 3515 qui
2442 3414 2874 3490 Archilochi
2921 3392 3152 3489 mddo
3208 3426 3480 3512 (πολλὰ
3526 3429 3646 3497 καὶ

681 3573 1172 3662 ἂνοικονόμητα
1234 3567 1721 3662 διασῦροντος).
1756 3584 1910 3632 non
1957 3562 2132 3635 satis
2179 3559 2325 3635 sibi
2371 3578 2791 3661 temperare
2841 3563 3172 3658 possint:
3633 3543 3638 3548 .

876 3762 982 3827 Ac
1049 3756 1369 3852 primum
1439 3750 1745 3850 quidem
1794 3750 2304 3828 Choerohosci
2352 3754 2562 3829 locus
2613 3779 2762 3827 non
2832 3769 2940 3827 est
2995 3771 3426 3854 corruptus,
3497 3759 3668 3832 nisi·

679 3892 889 4001 quod
971 3896 1383 3995 majuscula
1447 3894 1653 3971 litera
1724 3871 2236 3974 scribendum:
2339 3908 2626 4005 saiwi,
2709 3909 3067 3988 Γᾶνυκος,
3152 3910 3188 3978 ὁ
3230 3907 3632 4001 Γανύκτωρ,

679 4055 863 4144 παρὰ
902 4052 1411 4139 Ἐρατοσθένης
1478 4066 1650 4115 nam
1701 4066 1852 4115 non
1893 4052 2270 4146 Γανύκτωρ
2316 4043 2501 4117 dixit
2550 4041 3111 4135 EratostheneS,
3179 4043 3312 4116 sed
3355 4050 3631 4144 Γᾶνυξ;

680 4203 751 4263 et
800 4185 945 4261 hoc
997 4200 1077 4259 ut
1141 4184 1559 4302 ostenderet
1605 4196 1925 4274 Γάνυκος
1990 4187 2224 4285 flecti,
2300 4190 2869 4265 Choeroboscus
2919 4187 3035 4262 vel
3086 4190 3332 4287 potius
3381 4192 3633 4279 Hero.-

677 4328 945 4405 dianus
990 4325 1497 4407 Eratosthenis
1547 4332 1774 4407 utitur
1837 4336 2310 4427 auctoritate,
2376 4311 2830 4436 δΤανὺκτωρ
2900 4348 3140 4406 autem
3194 4333 3623 4434 explicandi
