4125 5242
36 1579 37 1586 ⁴
36 1529 37 1540 ⁴
36 341 39 1478 -,ᾼ----“-,ᾼῩ--Ῑ-ψιᾼᾼ-ᾈᾼᾼᾼ
38 267 45 316 ⁴*-

1934 428 1997 512 ¹7

1568 691 1573 696 ’
1672 675 1754 742 At
1792 672 1863 741 δὲ
1902 672 2210 743 πελιδναὶ

885 803 1274 882 Πυθεδόνες
1309 800 1832 893 γάγγραιναν
1878 796 2262 890 bin-§resumi
2287 850 2310 879 .
2352 797 2600 872 οὒλοόν
2645 799 2879 908 ἔλκός.

394 1006 398 1009 <
477 966 999 1062 conjecturam
1051 957 1442 1036 confirmat
1490 981 1958 1057 gangraenae
2009 955 2429 1056 descriptio,
2482 984 2676 1057 quae
2723 961 2991 1060 legitur
3037 962 3240 1062 apud
3277 966 3440 1040 Cel·

468 1131 633 1184 sum
683 1110 767 1185 V.
814 1107 955 1181 26:
1019 1107 1321 1190 »Priora
1359 1102 1670 1198 (ulcera)
1733 1104 1811 1176 iu
1860 1098 2195 1200 qualibet
2265 1118 2474 1201 parte
2543 1106 2879 1201 corporis
2942 1103 3167 1198 fiunt3
3249 1105 3438 1184 haec
3569 1169 3574 1170 ν

458 1249 953 1349 (gangraena)
1000 1251 1077 1320 in
1128 1245 1716 1346 prominentibus
1783 1243 2173 1335 membris,
2249 1243 2330 1317 id
2396 1262 2505 1321 est
2569 1250 2762 1320 inter
2828 1273 3111 1347 ungues
3160 1265 3233 1323 et
3280 1250 3437 1326 alas

469 1392 586 1470 vel
632 1394 978 1491 inguina,
1022 1391 1328 1489 fereque
1379 1392 1454 1462 in
1506 1388 1814 1475 senibus
1861 1387 1984 1496 vel
2030 1392 2107 1463 in
2155 1386 2310 1482 his,
2361 1415 2683 1490 quorum
2735 1406 3012 1491 corpus
3061 1391 3238 1468 mali
3283 1393 3436 1467 ha-

464 1536 668 1612 bitus
715 1552 847 1611 est.
945 1539 1136 1609 Caro
1171 1532 1279 1608 illi
1318 1532 1546 1607 ulceri
1594 1501 1712 1608 rel
1754 1533 1964 1633 nigra
2024 1532 2140 1609 vel
2170 1532 2397 1609 livida
2449 1550 2580 1626 est,
2630 1533 2763 1610 sed
2818 1538 3008 1610 sicca
3063 1553 3136 1610 et
3187 1535 3435 1629 arida;

467 1682 955 1779 proximaque
1004 1681 1188 1756 cutis
1236 1678 1681 1777 plerumque
1745 1675 2122 1776 subnigris
2169 1676 2488 1792 pustulis
2553 1677 2941 1777 impletur3
3026 1678 3302 1754 deiude
3367 1684 3436 1760 ej

406 1931 411 1932 γ
465 1826 845 1922 proxima,
917 1822 1040 1899 vel
1099 1820 1418 1920 pallida,
1500 1819 1620 1895 vel
1689 1819 1965 1910 livida,
2040 1821 2349 1920 fereque
2397 1823 2831 1920 aeruginosa
2885 1838 2958 1895 et
3005 1825 3163 1896 sine
3211 1849 3433 1900 seusu

375 2041 391 2056 ,
465 1982 597 2041 est.
659 1954 998 2042 Deterior
1040 1970 1120 2041 in
1167 1964 1745 2047 inflammatione
1793 1980 1925 2056 est,
1975 1951 2374 2063 omniaque
2431 1990 2515 2038 ea
2566 1964 2785 2039 simul
2838 1982 3164 2065 serpunt,
3214 1968 3425 2043 ulcus

463 2111 836 2213 inlocum
889 2109 1389 2209 pustularum,
1466 2106 1804 2205 pustulae
1853 2109 1927 2178 iu
1977 2130 2193 2193 eum,
2271 2108 2400 2203 qui
2451 2107 2678 2205 pallet
2731 2126 2857 2183 aut
2905 2109 3119 2193 livet3
3192 2111 3434 2210 pallor

472 2269 596 2330 aut
645 2252 837 2329 livor
884 2255 959 2325 in
1009 2252 1127 2343 id,
1179 2249 1388 2349 quod
1434 2255 1801 2348 integrum
1854 2265 1985 2341 est,
2035 2251 2357 2322 transit«
2412 2255 2666 2349 Itaque
2713 2264 3087 2340 πυθεδόνες
3128 2264 3431 2336 πελιδνή

469 2395 675 2495 apud
704 2393 1272 2471 Eratosthenem
1319 2410 1492 2470 sunt
1538 2393 1943 2492 subnigrae
1990 2392 2161 2466 illae
2204 2393 2563 2491 pustulae,
2613 2421 2807 2493 quae
2838 2401 3169 2474 nutriunt
3218 2402 3431 2499 quasi

470 2540 713 2632 ulcus,
766 2564 935 2614 cum
985 2525 1430 2637 gangraena'
1460 2537 1675 2612 latius
1718 2528 2020 2635 serpere
2071 2538 2284 2617 solet.

661 2680 1004 2774 Concidit
1047 2684 1268 2780 igitur
1314 2684 1825 2779 interpretatio
1873 2682 2044 2770 loci,
2087 2707 2277 2779 quae
2326 2682 2422 2757 ab
2475 2672 2907 2759 hominibus
2956 2683 3195 2760 doctis
3239 2711 3431 2781 pro-

465 2830 705 2928 posita
757 2842 905 2919 est,
986 2824 1121 2899 sed
1172 2825 1290 2900 vel
1338 2828 1445 2899 sic
1495 2795 1818 2924 conjicio
1865 2824 2008 2900 hos
2056 2849 2310 2900 versus
2361 2825 2460 2898 ad
2508 2829 2879 2926 Erigonae
2927 2824 3016 2903 et'
3043 2834 3253 2904 Icarii
3303 2831 3431 2905 fa-
3539 2868 3543 2871 ⁴

464 2939 719 3048 hulam
770 2971 1165 3071 pertinere.
1264 2970 1554 3043 Etenim
1607 2983 1685 3041 ut
1731 2971 1894 3067 ipse
1942 2968 2466 3045 Eratosthenes
2515 2988 2773 3045 auctor
2820 2989 2966 3065 est,
3034 2997 3202 3046 cum
3247 2976 3458 3052 Eri-1,

465 3140 662 3217 gone
730 3114 1138 3215 suspendio
1209 3138 1289 3190 se
1360 3111 1885 3203 interfecisset,
1966 3110 2488 3206 Athenienses,
2560 3131 2635 3190 ut
2682 3139 2964 3212 poenas
3031 3115 3428 3208 solverent,

465 3259 778 3339 morbus
826 3261 1206 3358 corripuit,
1245 3284 1288 3336 a
1338 3283 1492 3356 quo
1537 3272 1694 3331 tum
1738 3255 2038 3331 de‘mum
2090 3235 2393 3332 liberati
2435 3272 2632 3348 sunt,
2679 3283 2845 3332 cum
2899 3258 3179 3334 oraculi
3211 3264 3427 3360 jussu

440 3405 899 3513 ‘solennibus
970 3401 1385 3476 honoribus
1443 3404 1654 3476 Icarii
1703 3418 1774 3475 et
1839 3404 2200 3502 Erigones
2263 3402 2693 3475 memoriam
2756 3400 3141 3480 celebrare
3207 3406 3425 3479 ince-

466 3553 783 3650 pissent:
823 3560 1058 3629 Νόσου
1101 3557 1174 3626 δὲ
1215 3531 1615 3645 {svmmvm
1651 3557 2012 3649 γενομένης
2053 3558 2234 3626 κατὰ
2272 3557 2586 3648 χρησμὸν
2604 3555 2947 3643 Ἀθηναῖοι
2987 3558 3107 3627 τόν
3149 3584 3227 3626 τε
3251 3558 3426 3628 ’lxd-

466 3727 606 3798 ρων
671 3701 784 3791 καὶ
838 3704 960 3787 τὴν
996 3701 1349 3792 Ἠριγόνην
1395 3703 1833 3778 ὅνιαυσιάίαις
1876 3700 2212 3804 ἐγέραιρον
2253 3701 2506 3790 τιμαῖς.
2584 3688 2958 3780 Morbum,
3005 3692 3136 3787 qui
3182 3688 3422 3776 fuerit,

464 3835 861 3916 scholiasta
926 3859 1075 3911 non
1140 3839 1546 3913 accuratius
1609 3834 2001 3927 indicavit3
2084 3834 2209 3908 alii
2290 3858 2441 3910 non
2526 3848 2671 3906 tam
2739 3805 3073 3931 corporis
3135 3834 3424 3928 morbo,

466 4005 695 4079 quarn
746 3982 974 4055 animi
1036 3973 1368 4078 quadam
1430 3977 1888 4078 aegritudine
1939 3981 2259 4078 virgines
2307 3979 2580 4052 Atticas
2629 3943 2936 4053 infectas
2987 3999 3147 4053 esse
3198 3977 3423 4052 dixe-

467 4136 678 4214 runt,
763 4141 844 4196 ut
892 4120 1300 4224 suspendio
1350 4122 1573 4196 vitam
1625 4121 1962 4215 finirent,
2040 4119 2671 4223 quemadmodum
2725 4122 3018 4196 Servius
3063 4118 3279 4195 docet
3321 4119 3419 4194 ad

467 4271 667 4369 Virg.
719 4271 988 4367 Georg.
1035 4272 1118 4343 11.
1160 4292 1228 4344 ν.
1278 4266 1467 4344 389:
1550 4267 1739 4344 »Sed
1787 4284 1956 4367 post
2005 4265 2461 4367 aliquantum
2513 4280 2806 4362 tempus
2853 4242 3422 4342 Atheniensibus
