4125 5242
2106 469 2250 561 32-

890 732 1275 824 Superest,
1327 738 1404 794 ut
1454 746 1817 858 exponam
1870 722 1965 793 de
2020 726 2452 819 quaestione
2504 749 2698 820 quae
2752 728 3090 823 proximo
3140 751 3337 799 anno
3387 705 3693 804 iterum.

701 873 1153 970 philologiae
1205 865 1553 940 studiosis
1605 867 1982 963 proposita
2034 865 2192 940 fuit.
2291 863 2973 960 Postulaveramus,
3023 885 3102 941 ut

3225 994 3247 1030 Ι

998 1068 1283 1132 Historia
1321 1067 1478 1130 artis
1521 1066 1970 1148 grammaticae
2011 1063 2177 1148 apud
2220 1036 2587 1147 Romame,
2664 1068 2870 1149 qualis
2928 1067 3074 1130 inde
3127 1085 3165 1130 a
3207 1067 3422 1150 primis
3464 1069 3656 1131 initiis

910 1227 915 1231 ·
997 1217 1205 1288 usque
1247 1195 1328 1259 ad
1370 1165 1655 1278 Augusti
1701 1205 1974 1257 aetatem
2010 1184 2229 1276 luerit,
2276 1212 2459 1275 quam
2503 1194 2983 1259 accuratissime
3025 1196 3526 1281 describeretur,
3566 1199 3655 1263 ita

997 1338 1071 1391 ut
1112 1328 1381 1391 maxime
1421 1327 1609 1389 etiam
1650 1324 1972 1422 doctriua,
2016 1344 2201 1407 quam
2242 1325 2452 1393 Varro
2494 1333 2761 1386 secutus
2804 1333 2946 1409 est,
2988 1325 3429 1396 illustraretur.

898 1550 1042 1625 Sed
1095 1576 1276 1623 cum·
1315 1575 1535 1621 nemo
1588 1547 1681 1621 ad
1733 1547 1931 1620 illam
1986 1550 2491 1644 quaestionem
2546 1546 2974 1620 solvendam
3027 1553 3454 1639 accesserit,
3498 1555 3654 1649 jam

701 1723 964 1776 novam
1030 1699 1107 1767 in
1159 1720 1431 1766 annum
1492 1695 1906 1790 proximum
1962 1692 2452 1788 proponimus
2521 1688 2752 1778 hanc,
2831 1690 2925 1763 ad
2993 1698 3656 1793 quainspernmus

707 1844 1049 1916 lubenter
1115 1841 1439 1910 animum
1511 1853 1581 1908 et
1645 1833 2078 1909 industriam
2149 1859 2635 1908 conversuros
2701 1860 2899 1927 esse,
2985 1839 3114 1933 qui
3188 1841 3653 1937 antiquarum

700 1990 1107 2079 litterarum
1161 1981 1399 2055 studia
1452 1983 1736 2052 naviter
1784 1997 1854 2053 et
1905 2005 1995 2052 eo
2045 2004 2197 2076 quo
2245 1965 2455 2051 decet
2507 2004 2759 2054 amore
2804 1981 3432 2077 complectuntur:
3523 2035 3542 2054 κ

993 2220 1404 2301 Exponatur,
1470 2214 1619 2300 quid
1663 2214 2132 2296 Aristophanes
2173 2215 2529 2296 Byzantius
2569 2214 2650 2278 ad
2689 2218 2980 2280 Homeri.
3006 2219 3281 2282 carmina
3323 2226 3390 2282 et
3428 2237 3652 2282 emen-

1007 2346 1214 2412 danda
1256 2356 1323 2410 et
1364 2343 1739 2426 explicanda
1782 2344 2121 2408 contulerit
2133 2347 2174 2424 ‚⁸
2199 2344 2286 2407 ita
2327 2353 2398 2407 ut
2438 2365 2562 2409 non
2604 2347 2814 2410 solum
2872 2345 3214 2430 diligenter
3255 2348 3657 2432 colligantur,

1003 2496 1168 2559 quae
1208 2475 1338 2537 huc
1380 2474 1730 2558 pertinent,
1792 2471 1911 2535 sed
1954 2459 2144 2537 etiam
2187 2473 2570 2560 inquiratur,
2635 2475 2782 2560 quid
2824 2475 3216 2559 probandum
3258 2475 3493 2560 quidve
3536 2497 3653 2540 re-

999 2593 1345 2686 jiciendum
1393 2604 1493 2666 sit.

892 2834 1141 2926 Ipsum
1197 2827 1343 2901 diei
1394 2824 1652 2897 natalis
1686 2821 2162 2921 splendorem
2216 2825 2329 2896 vir
2373 2822 3022 2905 excellentissimus
3065 2844 3138 2902 et
3186 2830 3658 2921 clarissimuS,

700 2974 985 3073 collega
1037 2972 1700 3070 conjunctissimuS,
1752 2993 1761 3000 ·

764 3284 1390 3374 mulo.
1443 3281 1987 3371 emon.
2051 3280 2858 3374 12111111121211.x
2892 3243 3000 3371 A
3053 3283 3584 3396 snm,
3638 3334 3646 3344 -
3709 3337 3716 3342 -

1501 3473 1617 3518 ΡΗ.
1705 3472 1771 3519 D.
1855 3471 1977 3518 ΑΛ.
2059 3474 2131 3522 Μ.
2214 3469 2417 3520 HIS‘l'·
2499 3476 2559 3519 Ρ.
2642 3476 2704 3525 Ρ.
2790 3474 2854 3525 0.

696 3714 1024 3821 oratione
1092 3750 1163 3819 in
1236 3744 1605 3820 auditorio
1689 3748 1980 3843 majore
2048 3723 2399 3821 habenda
2480 3745 2893 3822 illustrabit.
2996 3749 3132 3820 Cui
3214 3722 3655 3821 solemnitati

701 3909 778 3967 ut
826 3891 1248 3990 frequentes
1297 3891 1695 3978 interesse,
1745 3906 2116 3964 oratorem
2173 3886 2471 3991 publice
2522 3891 2993 3965 constitutum
3049 3889 3347 3972 audire,
3403 3890 3657 3964 bona-

699 4062 851 4136 que
900 4050 1070 4108 vota
1124 4037 1561 4132 concipienti
1598 4034 1847 4108 favere
1881 4034 2129 4125 velint,
2178 4036 2655 4132 Magnificus
2701 4003 3181 4113 Academiae
3218 4040 3656 4128 Prot-ector,

640 4265 663 4284 ,Ρ
698 4174 1174 4275 Magnificus
1226 4182 1952 4270 Procazneellarius,
2017 4150 2515 4275 'Professores
2570 4183 2904 4253 omnium
2958 4181 3656 4254 ordinum'summe
3769 4251 3776 4254 a

702 4326 1210 4414 venerabile5‚
1299 4324 1644 4396 illustres
1710 4339 1785 4398 et
1849 4323 2405 4399 consultissimi
2419 4379 2440 4418 ,
2504 4325 3184 4420 experientissimi,
3268 4329 3655 4401 excellen-
