4125 5242
2006 383 2093 473 5,

524 634 883 738 Aen-ique
930 636 1410 714 Wieselerum
1484 636 1556 708 in
1605 637 1810 709 Diar.
1859 637 2208 733 Antiquit.
2269 637 2476 713 1845.
2526 639 2780 737 N.›14)
2832 644 3066 750 potuit
3106 644 3513 747 *commode

549 782 770 856 etiam
818 779 895 855 in
936 781 1100 857 aliis
1145 773 1598 862 carminibus
1645 802 2268 870 commemorare,
2331 796 2404 853 et
2449 779 2782 856 ‘dubium
2835 767 3140 859 omnino
3191 803 3342 879 est,
3419 746 3526 893 an·

548 912 654 997 sit·
688 948 783 1031 ex
832 897 1163 999 carmine
1198 924 1452 1023 aliquo
1503 924 1849 1022 'petitum3
1932 947 2104 994 nam
2154 923 2679 1001 Eratosthenes
2728 930 2945 1002 etiam
2996 925 3090 1002 in
3125 957 3510 1031 gramma-

548 1069 694 1142 tico
760 1068 1014 1167 aliquo
1080 1092 1347 1167 opere,
1424 1064 2060 1168 quemadmodum
2132 1070 2206 1139 in
2269 1066 2486 1143 libris
2533 1074 2633 1143 de
2701 1074 3029 1168 antiqua
3094 1039 3507 1165 comoedia,

540 1211 817 1310 quibus
864 1214 1161 1312 saepius
1214 1236 1389 1285 usus
1439 1227 1549 1284 est
1597 1207 2051 1308 Hesychius,
2100 1210 2462 1284 adhibere
2512 1216 2800 1311 potuit„

734 1360 1035 1430 Restant
1084 1358 1412 1453 quinque
1460 1355 1894 1452 fragmentis
1943 1356 2245 1429 remotis
2298 1381 2567 1429 novem
2622 1356 2737 1431 vel
2776 1362 3022 1457 potius
3074 1330 3287 1450 octo,
3338 1386 3504 1434 cum

544 1497 780 1588 illud,
859 1493 1062 1597 quod
1129 1504 1468 1576 Osannus
1549 1497 1819 1574 ultimo‘
1891 1497 2058 1571 loco
2146 1501 2426 1598 posuit,
2511 1500 2605 1573 ad
2673 1500 3145 1575 Parthenium
3231 1504 3509 1577 referre

542 1641 763 1716 malit.
859 1647 1129 1719 Verum
1201 1668 1294 1715 ne
1362 1642 1545 1721 haec
1611 1643 1913 1742 quidem
1986 1647 2232 1716 omnia
2306 1644 2400 1717 ad
2456 1629 3236 1744 Erigonem,elegiam
3316 1674 3506 1746 per-

536 1789 809 1878 tinent,
850 1767 983 1862 sed
1036 1812 1203 1861 cum
1258 1802 1558 1878 constet,
1608 1761 1810 1885 quod
1866 1780 2205 1861 Osannus
2257 1795 2559 1887 quoque
2612 1789 2789 1862 mibi
2843 1793 3232 1878 concessit,
3310 1796 3508 1864 Era-

540 1930 947 2005 tosthenem
1001 1930 1196 2004 idem
1247 1948 1760 2031 argumentum
1813 1933 1888 2003 in
1940 1934 2311 2005 Mercurio
2369 1937 2836 2034 tractavisse,
2905 1932 3310 2007 videndum
3368 1952 3502 2023 est,

545 2101 636 2149 an
688 2056 876 2150 forte
927 2074 1023 2149 ad
1076 2073 1261 2148 illud
1314 2097 1503 2172 opus
1555 2045 1920 2169 quaedam
1972 2073 2327 2170 reliquiae
2358 2078 2646 2147 rectius
2697 2103 2921 2172 quam
2978 2077 3071 2150 ad
3103 2082 3503 2175 Erigonem

537 2218 965 2293 referantur.
1062 2223 1156 2291 Et
1207 2221 1370 2317 ipse
1419 2221 1756 2289 Osannus
1807 2215 1983 2286 dicit
2034 2243 2105 2314 p.
2163 2219 2289 2289 14:
2380 2221 2519 2287 »In
2586 2215 2732 2290 hac
2797 2223 3005 2290 sedis
3069 2215 3302 2293 unius
3352 2249 3500 2294 cu·-

532 2369 952 2461 J'nsounque
1003 2363 1518 2458 ambiguitate
1542 2387 1666 2449 *ne
1715 2363 1904 2473 quid
1947 2357 2748 2453 praetermitteretur,
2811 2365 3013 2457 quod
3063 2368 3173 2435 ad
3224 2367 3503 2460 Erigo·

535 2534 714 2582 nam
756 2509 1153 2603 pertinere
1194 2509 1609 2601 potuisset,
1692 2503 1895 2577 hanc
1958 2506 2343 2576 rationem
2402 2507 2958 2577 instituendam
3008 2511 3326 2601 putavi,
3415 2524 3502 2583 ut

540 2654 697 2725 nisi
746 2676 949 2747 quae
994 2676 1048 2721 a
1097 2665 1339 2720 metro
1391 2652 1731 2743 elegiaco
1783 2653 2049 2721 aliena
2105 2664 2373 2740 essent,
2425 2664 2683 2721 cetera
2715 2653 2986 2721 omnia
3017 2654 3501 2745 fragmenta,

548 2824 746 2893 quae
796 2799 920 2869 vel
967 2810 1240 2891 aperte
1287 2797 1395 2866 ad
1444 2780 1862 2885 Erigonae·
1897 2794 2266 2898 fabulam
2307 2795 2432 2865 vel
2481 2798 2588 2864 ad
2638 2820 2764 2865 res
2812 2798 3245 2867 Bacchica-s
3296 2823 3500 2890 spec·

541 2955 843 3024 tarent,
930 2940 1469 3035 complecterer
1522 2951 1753 3033 atque
1808 2939 2212 3030 Erigonae
2278 2939 2612 3010 carmini
2663 2919 3204 3031 adsignarem,
3259 2939 3500 3011 Jmucl

539 3087 838 3157 nescius
880 3110 1104 3180 posse
1154 3087 1236 3154 in
1289 3085 1389 3153 iis
1444 3107 1623 3171 esse,
1675 3108 1869 3177 quae
1919 3083 2104 3153 olim
2156 3083 2250 3152 in'
2283 3083 2685 3153 Mercurio
2736 3084 2984 3154 locum
3036 3083 3498 3154 habuissent.

539 3232 673 3300 Ita
721 3245 807 3299 ut
836 3189 1236 3323 sizonem,
1323 3253 1408 3318 eo
1444 3226 1938 3321 potissimum
2008 3230 2395 3301 adductus
2460 3251 2664 3316 sum,
2735 3230 2975 3319 quod,
3059 3252 3286 3320 quum
3350 3252 3496 3297 ar-

529 3387 974 3468 gumentum
1006 3371 1339 3466 fabulae
1404 3370 1486 3440 in
1540 3372 1896 3465 Erigona
1950 3370 2189 3440 multo
2257 3370 2760 3464 explicatiu5‚
2837 3394 3066 3465 quam
3132 3368 3216 3438 in
3264 3369 3497 3440 Mer-

519 3505 760 3591 ‘eurio
807 3521 1218 3628 manifesto
1268 3527 1696 3598 tractatum
1726 3516 2031 3608 fuerit,
2089 3517 2463 3607 majorem
2495 3516 3134 3608 fragmentorum
3176 3526 3491 3608 partem

539 3685 632 3735 ex
685 3661 825 3732 ilio
863 3674 1218 3755 poemate
1250 3660 1543 3754 potius,
1592 3683 1821 3755 quam
1873 3684 1965 3728 ex
2010 3656 2150 3729 lzoc
2200 3659 2493 3752 afferri
2519 3622 3003 3750 probabilius
3053 3626 3487 3731 videntum«

531 3813 621 3880 At
691 3830 837 3878 non
903 3816 1012 3876 est
1080 3807 1376 3898 veru‘m,
1457 3798 1662 3900 quod
1732 3801 1908 3898 dicit
1958 3806 2296 3875 Osannus
2345 3802 2743 3897 Erigonem
2809 3799 3136 3873 nobilius
3188 3824 3493 3873 carmen

539 3930 767 4049 quam
815 3946 1255 4021 Mercurium
1310 3941 1574 4029 fuisse3
1660 3943 1845 4044 quid
1898 3945 2104 4044 quod
2153 3945 2588 4020 scholiastae
2632 3946 3033 4033 Homerici,
3117 3969 3156 4016 a
3211 3943 3488 4040 quibus

538 4092 849 4195 profecti
911 4116 1203 4180 sumus,
1287 4111 1437 4161 non
1503 4086 1913 4161 secundum
1977 4092 2416 4189 Erigonem,
2498 4086 2629 4163 sed
2679 4086 3106 4162 secundum
3184 4091 3492 4159 Mercu--

536 4241 731 4313 rium
784 4235 1054 4309 famam
1107 4232 1203 4308 de
1244 4233 1475 4308 Icario
1527 4248 1600 4307 et
1644 4234 1968 4333 Erigone
2018 4250 2402 4318 enarrant,
2484 4230 2688 4332 quod
2744 4231 2861 4313 vel
2909 4235 3244 4306 Osannus
3295 4252 3494 4303 con-
