4125 5242
2105 424 2171 515 ὅ

658 682 1009 758 contendi
1069 699 1365 784 poetam
1434 679 1747 759 eandem
1822 676 2157 752 fabulam
2221 680 2298 752 in
2363 680 2737 754 Mercurio
2800 646 3351 779 perstrinxisse,
3431 704 3626 758 con-

657 831 959 928 jecique
1010 845 1264 928 postea
1314 826 1642 915 demum,
1696 827 2050 923 quoniam
2107 823 2418 896 materia
2469 828 2645 898 satis
2695 825 2902 924 larga
2954 829 3286 927 satisque
3319 840 3626 904 venusta

657 977 811 1053 visa
881 989 1073 1062 erat,
1164 971 1360 1046 idem
1430 985 1946 1071 argumentum
2013 964 2373 1067 singulari
2443 972 2769 1053 carmine
2839 972 3074 1045 fusius
3148 991 3621 1072 persecutum

655 1141 836 1192 esse.
932 1119 1091 1192 Atia
1142 1115 1508 1216 quaedam
1560 1114 1656 1188 de
1705 1117 2031 1215 Erigone
2081 1112 2232 1187 dixi
2282 1117 2360 1188 in
2424 1119 3126 1190 commentationum
3180 1120 3614 1191 Criticerum

655 1262 1013 1336 Particula
1082 1267 1163 1336 11.
1234 1288 1308 1359 p.
1362 1264 1441 1334 V.
1540 1264 1811 1333 Denuo
1884 1262 2312 1359 nuperrime
2396 1264 2472 1332 in
2535 1261 2679 1335 hoc
2763 1278 3237 1361 argumento
3291 1279 3619 1377 versatus

656 1424 765 1482 est
816 1406 1069 1482 Fried..
1103 1412 1441 1480 Osannus
1509 1403 1641 1497 (de
1689 1401 2198 1498 Eratosthenis
2248 1409 2605 1505 Erigom,
2683 1409 3009 1479 carmine
3060 1406 3410 1505 Elegiaco
3484 1432 3624 1480 scr.

654 1559 774 1627 Fr.
830 1558 1098 1626 Osann.
1150 1553 1542 1649 Gottingae
1601 1548 1861 1643 1846);
1933 1565 2006 1621 at
2075 1575 2169 1623 ne
2223 1550 2343 1623 hic
2392 1551 2695 1649 quidem
2749 1554 2863 1625 vir
2911 1550 3384 1626 doctissimus
3448 1554 3624 1626 satis

658 1700 849 1772 cavit
899 1697 996 1771 ab
1046 1695 1448 1784 erroribus,
1495 1696 1741 1791 itaque
1790 1707 2080 1792 operae‘
2121 1694 2377 1772 videor
2425 1699 2741 1793 pretium
2797 1697 3143 1788 facturus,
3196 1700 3257 1768 si
3308 1695 3620 1773 eandem
3665 1750 3672 1755 -

659 1841 853 1916 hanc
901 1842 1405 1940 quaestionem
1459 1825 1740 1910 iterum'
1782 1838 1926 1911 sub
1978 1840 2293 1913 examen
2359 1866 2744 1915 vocavero.
2815 1842 3003 1914 Nolo
3057 1858 3300 1914 autem
3354 1846 3628 1932 omnia,

659 2013 853 2086 quae
888 2000 1423 2061 commentatus
1474 2000 1580 2055 est
1612 1975 1974 2068 Osannus,
2025 1989 2706 2078 perscrutari,⁰naui
2761 1985 2890 2057 odi
2937 1986 3367 2083 improbum
3424 1985 3626 2061 hunc

658 2102 1104 2208 adversandi
1153 2128 1510 2215 laborem,
1561 2123 1691 2198 sed
1771 2126 2154 2222 potissima
2220 2143 2499 2215 tantum
2549 2090 2845 2226 eligam.

853 2283 1192 2350 Osannus
1240 2288 1481 2345 autem
1527 2269 1682 2342 fere
1724 2267 1925 2343 idem
1976 2274 2227 2344 statuit
2260 2272 2373 2349 ,de
2417 2272 2892 2360 necessitate,
2969 2250 3164 2371 quae
3214 2272 3625 2348 intercedat

659 2429 849 2499 inter
896 2408 1345 2494 Mercurium
1397 2431 1467 2487 et
1516 2417 1961 2513 Erigonem,
2049 2415 2258 2513 quod
2310 2442 2451 2516 ego
2517 2417 2691 2490 olim
2748 2420 3143 2517 proposui,
3227 2398 3369 2492 nisi
3417 2418 3623 2519 quod

662 2582 910 2644 censet
956 2567 1355 2663 Erigonem
1408 2565 1611 2660 prius
1661 2562 2008 2661 scriptam
2061 2586 2259 2652 esse;
2311 2562 2487 2635 dicit
2538 2566 2729 2635 enim
2782 2589 2852 2661 p.
2900 2562 2989 2636 4:
3070 2566 3349 2655 „Quod
3395 2567 3627 2636 deni-

662 2741 807 2814 que
866 2700 1091 2806 ponit
1156 2704 1755 2802 Bernhardyus,
1842 2733 2076 2803 quum
2128 2709 2531 2802 Erigonae
2595 2684 2936 2781 historia
3014 2711 3421 2782 fflercurio
3489 2712 3624 2780 in-

663 2833 820 2934 seri
873 2855 1293 2942 debuisset,
1384 2825 1515 2924 uix
1538 2851 1730 2946 fieri
1778 2856 2164 2948 potuisse,
2230 2867 2316 2925 ut
2367 2858 2692 2926 eandem
2757 2855 3158 2927 itentidem
3207 2881 3368 2926 rem
3418 2856 3622 2926 idem

661 3017 1151 3078 tractaturus
1204 3000 1539 3094 suisset,
1627 3000 1714 3070 id
1775 2999 2072 3071 nullius
2141 3000 2450 3071 omnino
2512 3001 2823 3071 videtur
2890 3001 3294 3089 momenti,
3394 3024 3624 3095 quum

666 3150 866 3223 sumi
903 3146 1161 3242 possit
1212 3143 1543 3238 elegiam
1592 3145 1691 3214 de
1740 3144 2104 3239 Erigona
2139 3146 2372 3239 prius
2418 3169 2646 3241 quam
2695 3144 3184 3216 Mercurium
3250 3122 3626 3239 scriptam

665 3319 863 3377 esse,
968 3276 1366 3385 Erigonae
1402 3315 1618 3363 vero
1680 3313 1813 3361 res
1879 3290 1963 3361 in
2023 3290 2425 3362 Mercurio
2437 3336 2466 3370 ,
2564 3290 2742 3383 ipsa
2803 3289 3107 3361 ratione
3182 3290 3627 3383 argumenti

652 3438 1147 3536 postulante,
1225 3459 1456 3532 quam
1518 3433 1993 3507 brevissimis
2038 3434 2294 3506 verbis
2357 3449 2995 3506 commemoratas
3045 3458 3226 3506 esse.
3231 3435 3275 3474 “
3355 3436 3627 3509 Irritus

666 3583 891 3657 fuerit
940 3579 1195 3670 labor,
1242 3581 1306 3653 si
1352 3581 1526 3678 quis
1573 3577 1671 3651 de
1720 3577 1862 3652 bac
1910 3602 1990 3651 re
2042 3577 2440 3676 disceptari
2470 3578 2699 3672 sciit,
2767 3594 3010 3650 utrum
3063 3601 3366 3650 carmen
3422 3579 3629 3676 prius

665 3730 759 3803 sit
810 3728 1346 3824 compositum,
1426 3748 1580 3810 nec,
1629 3721 1937 3796 multum
1997 3723 2256 3815 refert,
2335 3739 2577 3797 utrum
2630 3724 2909 3797 Osanni
2974 3747 3067 3794 an
3138 3701 3376 3795 meam
3444 3748 3631 3796 sen·-

668 3875 964 3951 tentiam
1001 3872 1171 3971 quis
1218 3867 1684 3968 probaveritt
1733 3866 1914 3942 illud
1959 3894 2138 3943 vero
2187 3870 2591 3968 permirum
2645 3884 2775 3956 est,
2822 3872 3231 3956 Osannum‚
3282 3893 3449 3941 cum
3504 3868 3626 3941 hic

667 3994 861 4091 idem*
900 4000 1068 4088 'fere
1116 4017 1209 4088 sit
1259 4029 1570 4102 secutus,
1619 4010 1827 4111 quod
1880 4012 2055 4086 olim
2105 4015 2485 4113 proposui,
2540 4011 2717 4085 mihi
2760 4011 2985 4111 paulo
3035 4028 3202 4109 post
3252 4010 3631 4085 adversari
3673 3998 3690 4008 ’

669 4144 745 4264 p..
769 4166 816 4237 6
845 4187 864 4234 t
901 4165 1215 4256 „Neque
1231 4161 1556 4256 denique
1592 4160 2008 4255 quidquam
2031 4161 2482 4256 proficimus
2519 4183 2611 4230 cx
2635 4161 3084 4253 conjectura
3114 4158 3460 4266 Bergkii,
3496 4158 3631 4253 qui

670 4305 1000 4383 Bacclzii
1046 4306 1436 4380 sententia
1489 4308 1586 4377 de
1621 4306 2443 4402 peculianiErigonae
2492 4305 2841 4378 carmine
2875 4303 3234 4399 probata,
3290 4327 3456 4375 rem
3507 4304 3625 4376 ita
