4125 5242
1990 422 2129 508 25

575 688 797 766 docet
845 712 911 760 v.
956 693 1353 787 Εὐφορίων,
1420 675 1557 752 sed
1608 671 2178 781 Choeroboscus
2227 670 2536 745 Bekkeri
2585 675 2839 749 'r..111.
2888 698 2963 771 p.
3017 663 3204 749 11'94
3251 688 3530 748 tantum

575 844 968 928 Μοψοπίαν
1022 825 1389 928 ,appellat3
1470 825 1641 895 item
1705 814 1911 915 quod
1954 813 2463 914 Euphorionis
2524 839 2822 889 carmen
2869 814 3074 889 affert
3124 815 3531 892 Scholiasta

575 977 804 1050 Clem.
853 973 1058 1048 Alex.
1098 977 1184 1044 T.
1218 972 1335 1043 IV.
1387 993 1460 1066 p.
1509 967 1607 1039 96
1659 960 1774 1035 ed.
1823 962 2040 1034 Klotz
2086 973 2352 1037 ιταιῖτα
2386 965 2754 1058 Εὐφορίων
2799 972 3053 1061 ἱστορεῖ
3088 969 3162 1054 ἐν,
3188 975 3277 1063 τῆ
3315 972 3530 1060 ‘Iov-1¹91

577 1132 692 1201 καὶ
732 1130 988 1218 Ἰνάχῳ
1034 1115 1344 1189 fortasse
1395 1099 1628 1184 unum
1675 1104 2028 1203 idemque
2080 1127 2272 1205 opus
2321 1117 2451 1193 est,
2498 1118 2579 1201 ut
2629 1100 3106 1176 scribendum
3159 1106 3252 1176 sit
3312 1115 3375 1182 ἓν
3414 1097 3530 1206 ‚rii

576 1276 944 1362 Ἱστιαίᾳ
985 1271 1028 1359 ἦ
1069 1271 1345 1359 Ἰνάχῳ.
1448 1250 1735 1326 Eodem
1769 1246 1998 1323 modo
2032 1245 2411 1320 Theocriti
2443 1244 2699 1342 idyllia
2746 1214 3184 1344 plerumque
3235 1245 3534 1339 duobus

574 1405 1008 1482 nominibus
1056 1403 1408 1501 inscripta
1455 1395 1789 1484 fuerunt,
1870 1390 1967 1464 de
2032 1414 2178 1485 qua
2239 1413 2327 1479 re
2394 1388 2572 1462 alias
2639 1388 2902 1463 dicam.
2957 1369 3257 1488 'Itaque
3312 1395 3529 1466 etiam

571 1554 719 1628 hoc
765 1548 1276 1626 Eratosthenis
1324 1567 1662 1632 carmen,
1710 1534 1918 1637 quod
1971 1535 2067 1608 ab
2121 1533 2281 1608 aliis
2329 1530 2694 1607 Hesiodus
2743 1497 3175 1627 vocabatur,
3223 1535 3321 1609 ab
3373 1535 3533 1611 aliis

569 1689 1435 1793 Anterinnysappellari
1485 1686 1745 1786 potuit.
1796 1677 1797 1682 ’
1838 1679 2088 1755 Facile
2138 1657 2379 1752 autem
2434 1693 2767 1777 apparet,
2795 1702 3037 1779 ‘quam
3083 1677 3286 1752 'hene
3341 1705 3534 1756 con-

578 1844 826 1917 veniat
877 1855 1190 1937 uterque
1239 1833 1493 1907 titulus
1538 1829 1718 1904 huic
1752 1827 2116 1930 carmini:
2199 1838 2400 1897 recte
2450 1824 2647 1894 enim
2714 1820 2813 1895 ab
2864 1838 3301 1920 argumento
3350 1826 3535 1895 He-
3659 1879 3662 1882 .

572 1988 837 2061 sindus
897 1985 1333 2080 inscriptum
1402 1993 1544 2068 est,
1625 1998 1882 2048 verum
1952 1995 2104 2042 non
2172 1969 2414 2038 minus
2479 1965 3001 2038 convenienter
3046 1966 3533 2063 Anterinnys

574 2130 722 2205 dici
772 2091 1100 2229 poterat3
1150 2147 1322 2195 nam
1371 2115 1744 2226 Antiphus
1790 2127 1862 2185 et
1899 2112 2311 2198 ‘Ctimenus,
2364 2130 2534 2212 cum
2586 2107 3107 2181 contumeliam
3160 2108 3304 2182 sibi
3354 2110 3534 2183 illa-

571 2293 740 2352 tam*
779 2272 1034 2346 ulcisci
1082 2264 1391 2356 vellent,
1459 2260 1556 2334 ab
1605 2254 1977 2346 Hesiodo,
2025 2276 2249 2351 quem
2301 2247 2752 2323 clandestina
2805 2243 3081 2323 sororis
3126 2269 3534 2347 consuetu-

573 2418 749 2493 dine
801 2418 904 2491 uti
950 2397 1510 2497 existimabant,
1559 2400 1960 2478 vindictam
2010 2408 2512 2495 sumpserunt,
2562 2391 3076 2491 interfectique
3126 2419 3402 2494 corpus
3453 2397 3532 2468 in

573 2587 778 2638 mare
824 2559 1321 2652 immiserunt;
1371 2547 1840 2624 at‘continuo
1886 2540 2123 2640 hujus
2167 2539 2515 2612 facinoris
2562 2562 2844 2634 poenas
2894 2535 3298 2631 dederunt,
3363 2564 3532 2613 cum

570 2709 979 2799 Locrenses
1060 2722 1243 2773 cane
1313 2692 1558 2768 indice
1635 2685 2144 2787 deprehensos
2208 2685 2288 2755 in
2358 2706 2561 2755 mare
2627 2683 3220 2780 praecipitarent.
3321 2676 3534 2757 Con-

573 2855 934 2952 jecturam
1009 2860 1254 2918 autem
1323 2835 1564 2912 meam
1612 2854 2065 2931 magnopere
2126 2825 2515 2902 confirmat
2582 2823 2771 2899 illud
2821 2827 3069 2923 ipsum
3130 2825 3530 2925 fragmen-

574 2976 770 3088 tum,
808 2988 1028 3092 'quod
1079 3012 1167 3060 ex
1216 2984 1686 3076 Anterinnye‘
1712 2976 2027 3051 servavit
2076 2969 2478 3077 Scholiasta
2528 2967 2915 3044 Nicandri:

987 3128 1219 3213 Ἰυγῆς
1262 3124 1316 3189 δ’
1361 3118 1455 3195 ὡς
1494 3119 1756 3210 παῦρον
1800 3114 2159 3185 ἐπέκλυον.

574 3271 690 3344 De
734 3265 938 3340 canis
985 3284 1167 3336 voce
1216 3256 1407 3329 haec
1455 3245 1935 3350 intelligenda
2006 3270 2169 3320 esse
2219 3213 2439 3317 docet
2499 3238 2942 3314 scholiasta:
3014 3238 3238 3337 plane
3284 3255 3528 3313 autem

578 3410 853 3489 cadunt
894 3406 1091 3480 haec
1136 3400 1364 3477 verba
1413 3402 1488 3472 in
1540 3395 1984 3493 Ganyctoris
2028 3388 2249 3504 (ilios,
2276 3389 2423 3485 *qui
2471 3412 2640 3460 cum
2691 3385 3012 3484 primum
3066 3385 3268 3458 canis
3317 3382 3534 3474 illius,

578 3560 710 3658 qui
757 3550 1084 3629 Hesiodo
1147 3546 1488 3621 morienti
1537 3540 1938 3632 adfuerat,-
1977 3560 2238 3609 vocem
2293 3511 2637 3620 audiunt,
2718 3526 2966 3602 subito
3018 3527 3534 3625 expavescunt,

579 3700 857 3778 conscii
904 3694 1292 3783 facinoris,
1376 3685 1586 3788 quod
1637 3684 2198 3770 commiserant,
2264 3679 2516 3774 itaque
2566 3672 2713 3772 ipsi
2761 3693 2840 3746 se
2885 3668 3235 3769 produnt.
3330 3675 3534 3745 Haec

579 3863 823 3925 autem
876 3840 1123 3917 omnia
1176 3833 1453 3935 pariter
1518 3848 1741 3931 atque
1795 3851 1988 3928 quae
2038 3822 2305 3897 tradita
2358 3833 2528 3897 sunt
2595 3815 2691 3890 de
2758 3813 3176 3912 delphinis,
3257 3817 3386 3912 qui
3446 3839 3534 3887 ex

560 3947 733 4074 ‚alto
784 3988 972 4062 mari
1026 3980 1124 4057 ad
1171 3980 1371 4054 littus
1420 3974 1739 4048 tulerunt
1773 3941 2080 4046 Hesiodi
2129 3947 2427 4065 cdrpus.
2470 3976 2807 4036 accurate
2861 3974 3323 4057 persecutum
3374 3981 3536 4031 esse

476 4133 485 4140 ’
580 4127 1144 4218 Eratosthenem
1175 4135 1748 4198 consentaneum
1786 4131 1916 4208 est,
1946 4109 2170 4212 atque
2203 4105 2683 4195 animadverti
2701 4104 2917 4179 etiam
2953 4101 3144 4196 licet,
3192 4126 3389 4201 quae
3422 4102 3537 4174 si-

588 4272 927 4354 militudo
976 4274 1165 4357 inter
1228 4262 1532 4344 Hesiodi
1583 4280 1653 4338 et
1701 4263 1913 4338 Icarii
1974 4273 2286 4333 mortem
2351 4245 2797 4347 intercedat,
2881 4266 3077 4345 quae
3120 4270 3270 4320 non
3327 4243 3537 4319 latuit

2981 4397 3034 4470 4
3083 4398 3115 4427 ι
