4125 5242
2119 423 2188 508 8

672 681 982 756 morbus
1042 680 1412 762 immissus
1462 690 1567 752 est
1621 671 1828 767 talis,
1898 687 1979 745 ut
2041 694 2299 745 eorum
2352 671 2678 769 virgines
2726 671 2980 750 surore
3032 677 3362 775 quodam
3412 704 3633 755 com..

670 825 1123 927 pellerentur
1171 821 1269 896 ad
1316 822 1704 919 laqueum,
1786 783 2321 916 responditiiue
2384 814 2766 904 oraculum
2829 818 3072 895 sedari
3122 825 3343 923 posse
3391 827 3632 924 pesti-

670 970 975 1043 lentiam
1033 965 1278 1057 illam,
1359 967 1422 1039 si
1487 965 1848 1061 Erigones
1896 976 1968 1033 et
2031 960 2246 1033 Icarii
2316 958 2675 1035 cadavera
2738 963 3458 1063 „perquirerenturs”
3535 971 3632 1041 Et

668 1118 898 1213 plane
964 1109 1229 1185 eodem
1301 1106 1526 1183 modo
1592 1108 1926 1205 Hyginus
1990 1105 2180 1182 Astr.
2244 1107 2327 1176 11.
2391 1103 2480 1177 4:
2560 1110 2898 1181 »Interim
2967 1135 3134 1184 cum
3202 1112 3279 1184 in
3350 1108 3668 1204 finibusx

668 1256 1224 1332 Atheniensium
1277 1218 1547 1325 multae
1597 1252 1918 1352 virgines
1965 1251 2124 1323 sine
2174 1272 2388 1321 causa
2439 1230 2846 1347 suspendio
2896 1253 3037 1327 sihi
3092 1272 3399 1328 mortem
3452 1281 3626 1331 con·

651 1396 1105 1490 ⁸sciscerent,
1167 1394 1376 1496 quod
1427 1397 1752 1495 Erigone
1806 1394 2130 1486 moriens
2180 1407 2336 1465 erat
2384 1403 2725 1491 precata,
2798 1411 2875 1468 ut
2922 1395 3187 1471 eodem
3234 1395 3385 1472 leto
3434 1397 3633 1490 filiae

670 1541 1226 1619 Atheniensium
1278 1539 1778 1627 afficerentur,
1844 1561 1997 1635 quo
2048 1538 2208 1634 ipsa
2262 1552 2416 1610 erat
2468 1537 2798 1630 obitura,
2874 1542 3013 1614 nisi
3059 1522 3270 1615 Icarii
3323 1559 3629 1618 mortem

673 1688 1045 1786 persecuti
1097 1702 1167 1757 et
1221 1710 1391 1757 eum
1440 1682 1683 1756 forent
1733 1681 1928 1755 ulit«
2002 1685 2094 1753 At
2147 1679 2375 1753 fuisse
2424 1682 2644 1754 etiam
2696 1681 2911 1757 aliam
2965 1663 3240 1759 famam
3292 1686 3389 1759 de
3429 1675 3631 1787 turpi

676 1795 970 1919 morbo,
1005 1855 1158 1929 quo
1177 1828 1409 1903 affecti
1431 1830 1574 1900 sint
1599 1824 2077 1899 Athenienses
2101 1842 2405 1923 propter
2425 1828 2633 1899 Icarii
2653 1825 2982 1919 caedem,
3006 1827 3222 1902 docet
3245 1829 3635 1922 Scholiast-

672 1978 984 2048 Luciani
1020 1963 1535 2046 Concil.Deor.
1572 1996 1631 2042 c.
1665 1945 1708 2043 5
1744 1972 1826 2041 T.
1845 1971 1961 2041 IV.
1997 1994 2069 2064 p.
2106 1970 2244 2042 261
2285 1968 2402 2040 ed.
2434 1973 2586 2041 Jac.
2615 1973 2866 2067 ltaque
2900 1997 3077 2043 sane
3109 1976 3323 2045 etiam
3361 1979 3635 2048 Erato-

676 2120 971 2193 sthenes
1010 2121 1085 2190 in
1105 2117 1475 2189 Mercurio
1503 2110 1794 2186 videtur
1828 2114 2233 2184 memoriae
2262 2110 2704 2210 prodidisse,
2739 2138 3203 2213 gangraenae
3241 2118 3510 2191 morbo
3528 2119 3636 2192 af·

674 2238 903 2338 sectos
921 2261 1404 2335 Athenienses
1435 2274 1503 2328 et
1536 2279 1778 2352 prope
1809 2253 1904 2326 ad
1945 2256 2303 2325 insaniam
2327 2252 2629 2328 adactos
2654 2280 2836 2348 esse,
2883 2284 3048 2329 nam
3082 2256 3270 2333 haec
3307 2281 3631 2360 quoque,

598 2375 612 2382 ἒ
676 2408 806 2480 ubi
853 2409 917 2478 is
970 2403 1271 2477 morbus
1307 2400 1661 2473 adauctus
1713 2414 1860 2487 est,
1918 2366 2276 2496 subsequi
2314 2376 2624 2493 solebat,
2677 2416 2756 2472 ut
2797 2398 3011 2474 docet
3048 2402 3343 2476 Celsus:
3396 2410 3634 2477 »Inter

679 2550 866 2623 haec
918 2533 1188 2620 deinde
1246 2544 1478 2616 febris
1528 2557 1740 2616 acuta
1810 2544 2041 2615 oritur
2105 2543 2523 2639 ingensque
2588 2547 2781 2618 sitis:
2882 2546 3344 2642 quibusdam
3408 2553 3630 2623 etiam

680 2673 1022 2766 deliri-um
1077 2687 1403 2780 accedit3
1454 2687 1582 2759 alii
1633 2689 1980 2784 quamvis
2033 2689 2297 2759 mentis
2347 2689 2504 2768 sint,
2527 2705 2925 2787 compotes,
2972 2677 3461 2769 balbutiendo
3513 2696 3631 2768 vix
3673 2785 3680 2788 4

678 2860 938 2912 sensus
987 2859 1164 2908 suos
1214 2830 1619 2929 explicant:
1667 2833 1926 2929 incipit
1976 2830 2168 2903 affici
2218 2830 2687 2920 stomachus,
2738 2831 2821 2905 fit
2870 2832 3074 2907 foedi
3122 2838 3424 2935 spiritus
3472 2841 3633 2938 ipse

678 2937 995 3054 odoi-1⁸2«
1098 2981 1191 3050 Et
1259 2973 1354 3048 de
1417 2978 1750 3072 corporis
1819 2976 2075 3073 aliquo
2143 2976 2411 3049 morbo
2470 2974 3034 3052 Eratosthenem
3120 2981 3197 3053 in
3260 2986 3627 3057 Mercurio

680 3124 1000 3214 dixisse,
1081 3120 1198 3196 vel
1260 3118 1341 3193 id
1409 3117 1699 3195 videtur
1775 3119 2141 3210 indicare,
2244 3118 2455 3218 quod
2522 3122 2630 3194 sic
2690 3119 3121 3221 simpliciter
3182 3124 3628 3201 Scholiastae

677 3266 1051 3342 Homerici
1102 3261 1393 3337 dicunt:
1459 3273 1662 3344 νόσου
1708 3273 1781 3342 δὲ
1837 3273 1900 3342 ἐν
1940 3274 2261 3361 ’Δθῆναις
2317 3274 2696 3365 γενομένης.
2773 3268 3047 3340 Verum
3099 3294 3252 3344 non
3303 3272 3672 3347 arbitror-

677 3415 756 3485 in
805 3413 1132 3509 Erigone
1187 3424 1483 3506 poetam
1549 3395 1727 3479 rem·
1760 3405 2022 3480 eodem
2079 3406 2307 3481 modo
2351 3379 2861 3507 explicuisse,
2933 3411 3104 3484 nam
3172 3438 3337 3486 cum
3405 3413 3623 3489 foeda

680 3552 880 3628 illius
943 3524 1189 3627 morbi
1252 3553 1540 3659 species
1605 3551 1700 3624 ab
1770 3551 2160 3649 elegantia
2195 3554 2487 3649 poesis,
2569 3576 2799 3649 quam
2865 3555 2940 3625 in
3005 3558 3326 3653 Erigone
3392 3557 3621 3657 elegia

684 3712 1000 3771 sectatus
1051 3711 1160 3770 est
1192 3694 1742 3792 Eratosthenes,
1781 3694 2185 3770 abhorrere
2228 3694 2624 3788 videretur,
2666 3720 2845 3772 sane
2892 3695 3090 3773 illius
3133 3703 3475 3775 carminis
3519 3706 3624 3775 in·

682 3843 932 3917 stituto
981 3838 1214 3913 multo
1264 3837 1524 3912 melius
1590 3840 2077 3915 conveniebat
2127 3837 2351 3912 altera
2401 3841 2635 3934 fama,
2721 3866 2917 3941 quae
2966 3858 3073 3918 est
3127 3843 3339 3951 'apud
3383 3848 3626 3945 Hygi-

681 4009 860 4059 num
914 3999 984 4054 et
1033 3944 1403 4072 Servium,
1491 3985 1812 4079 virgines
1860 3986 2132 4057 Atticas
2186 3972 2462 4058 insania
2529 3982 2855 4083 quadam
2921 4004 3298 4085 correptas
3343 3988 3623 4064 &olun-

684 4143 899 4199 tatem
956 4123 1348 4198 obeundae
1397 4128 1652 4198 mortis
1703 4128 2020 4226 cepisse3
2090 4153 2330 4227 eoque
2380 4132 2622 4225 aptior
2672 4146 2828 4204 erat
2877 4127 3064 4203 haec
3112 4130 3351 4225 fama,
3420 4160 3621 4233 quo-

686 4273 880 4346 niam
950 4271 1057 4344 sic
1119 4265 1323 4340 licuit
1388 4284 1650 4366 poetae
1720 4295 1812 4344 ex
1879 4271 2085 4347 more'
2166 4274 2361 4349 illius
2435 4274 2707 4349 saeculi
2785 4275 3108 4373 origines
3170 4276 3622 4353 solennitatis
