4125 5242
1972 422 2035 507 *7

1708 670 1791 736 At
1829 666 1900 736 δὲ
1940 666 2246 737 πελιδναί

923 797 1311 874 Πῡθεδόνες
1346 795 1813 889 γάγγραινα
1835 817 1869 864 ν
1915 791 2299 886 ὖπέτρεφον
2324 845 2348 875 .
2389 791 2637 866 οὐλοὸν
2683 795 2916 904 ἕλκῃς.

513 960 1035 1056 conjecturam
1087 950 1477 1030 confirmat
1526 976 1996 1052 gangraenae
2045 950 2466 1050 descriptio,
2519 978 2714 1052 quae
2761 956 3027 1054 legitur
3073 957 3277 1058 apud
3314 961 3476 1035 Cel·

503 1125 670 1178 sum
719 1103 804 1178 V.
851 1102 987 1174 26:
1055 1101 1358 1184 »Priora
1395 1096 1706 1193 (ulcera)
1769 1099 1847 1170 in
1898 1092 2232 1195 qualibet
2302 1112 2511 1195 parte
2580 1100 2916 1197 corporis
2979 1097 3204 1192 fiunt3
3285 1099 3474 1180 haec
3603 1163 3610 1166 .

493 1242 989 1343 (gangraena)
1036 1244 1114 1314 in
1164 1239 1753 1340 prominentibus
1820 1238 2211 1330 membris,
2286 1238 2366 1313 id
2433 1257 2543 1315 est
2607 1245 2800 1315 inter
2865 1267 3148 1343 ungues
3197 1260 3269 1318 ct
3316 1246 3473 1321 alas

504 1386 622 1462 vel
667 1389 1015 1485 inguina,
1058 1385 1364 1484 fereque
1414 1387 1492 1456 in
1540 1382 1852 1468 senibus
1899 1382 2022 1490 vel
2068 1371 2145 1458 in
2192 1381 2347 1476 his,
2398 1365 2720 1485 quorum
2773 1401 3048 1485 corpus
3098 1386 3275 1464 mali
3318 1388 3472 1462 ha·-

501 1529 703 1606 bitus
750 1546 882 1605 est.
981 1533 1173 1603 Caro
1207 1527 1314 1602 illi
1354 1527 1583 1601 ulceri
1630 1495 1750 1601 rel
1790 1528 2002 1627 nigra
2061 1526 2178 1604 vel
2208 1526 2434 1603 livida
2484 1545 2615 1621 est,
2668 1528 2800 1605 sed
2855 1532 3046 1605 sicca
3100 1549 3172 1605 et
3224 1531 3471 1624 arida;

503 1676 991 1775 proximaque
1039 1675 1224 1749 cutis
1272 1673 1718 1772 plerumque
1781 1669 2159 1770 subnigris
2206 1672 2525 1771 pustulis
2590 1673 2977 1771 impletur;
3064 1673 3340 1749 deinde
3404 1679 3472 1756 ei

500 1783 880 1916 proxima,
953 1817 1075 1894 vel
1135 1815 1455 1916 pallida,
1536 1814 1656 1890 vel
1727 1814 2002 1905 livida,
2078 1814 2386 1915 fereque
2434 1781 2870 1916 aeruginosa
2922 1833 2995 1890 et
3043 1820 3202 1891 sine
3248 1844 3469 1894 sensu

413 2035 430 2049 ,
500 1977 633 2036 est.
694 1964 1034 2036 Deterior
1076 1964 1155 2036 in
1204 1959 1781 2042 inflammatione
1830 1975 1962 2048 est,
2012 1947 2412 2059 omniaque
2468 1985 2553 2033 ea
2604 1960 2822 2035 simul
2875 1978 3201 2062 serpunt,
3252 1963 3462 2038 ulcus

499 2105 871 2206 inlocum
924 2104 1422 2202 pustularum,
1502 2100 1839 2200 pustulae
1889 2102 1964 2172 in
2014 2124 2229 2187 eum,
2305 2102 2436 2197 qui
2489 2101 2712 2198 pallet
2767 2120 2894 2176 aut
2941 2104 3155 2188 livet3
3229 2105 3470 2205 pallor

506 2264 631 2322 aut
681 2246 872 2323 livor
919 2248 995 2319 in
1045 2246 1163 2336 id,
1213 2243 1422 2344 quod
1470 2249 1836 2342 integrum
1889 2258 2021 2335 est,
2071 2244 2394 2316 transita
2449 2212 2701 2342 Itaque
2750 2257 3123 2332 πυθεὸόνες
3163 2259 3467 2330 „Agant

505 2389 711 2490 apud
740 2387 1308 2464 Eratosthenem
1358 2351 1527 2462 sunt
1575 2386 1978 2486 subnigrae
2026 2387 2197 2460 illae
2241 2385 2600 2485 pustulae,
2649 2414 2843 2487 quae
2876 2394 3204 2466 nutriunt
3254 2396 3467 2491 quasi

505 2534 750 2625 uleus,
801 2558 971 2607 cum
1021 2517 1467 2630 gangraena‘
1497 2531 1712 2605 latius
1755 2521 2056 2628 serpere
2107 2533 2320 2611 solet.

697 2674 1039 2768 Concidit
1083 2678 1305 2775 igitur
1350 2677 1860 2772 interpretatio
1912 2675 2082 2764 loci,
2123 2701 2314 2774 quae
2362 2676 2458 2750 ab
2512 2666 2943 2752 hominibus
2991 2677 3230 2756 doctis
3275 2704 3467 2774 pro-

501 2823 742 2921 posita
793 2836 941 2912 est,
1022 2817 1155 2893 sed
1209 2819 1326 2895 vel
1374 2821 1482 2893 sic
1531 2820 1855 2918 conjicio
1902 2818 2043 2893 hos
2094 2844 2347 2894 versus
2397 2819 2496 2893 ad
2544 2823 2915 2921 Erigonae
2963 2817 3052 2896 et‘
3080 2826 3291 2898 Icarii
3342 2824 3468 2898 fa·-

500 2933 756 3042 bnlam
808 2965 1201 3065 pertinere.
1298 2964 1590 3037 Etenim
1644 2977 1721 3034 ut
1767 2964 1929 3060 ipse
1977 2961 2502 3039 Eratosthenes
2552 2981 2809 3039 auctor
2856 2982 3002 3058 est,
3070 2992 3237 3040 cum
3283 2970 3495 3046 Bria.

501 3134 698 3212 gone
765 3107 1173 3209 suspendio
1245 3132 1326 3183 se
1396 3105 1920 3197 interfecisset,
2001 3104 2524 3198 Athenienses,
2596 3124 2672 3183 ut
2720 3132 3000 3206 poenas
3068 3109 3464 3202 solverent,

502 3253 813 3334 morbus
862 3254 1243 3351 corripuit,
1281 3278 1325 3330 a
1375 3276 1529 3350 quo
1574 3258 1731 3325 tum
1774 3249 2074 3324 de'mum
2126 3228 2429 3325 liberati¹
2470 3265 2668 3341 sunt,
2715 3276 2882 3326 cum
2934 3252 3216 3328 oraculi
3246 3258 3462 3353 jussu

476 3399 935 3507 ,solennibus
1005 3396 1423 3471 honoribus
1480 3397 1690 3471 Icarii
1739 3411 1812 3468 et
1875 3397 2236 3497 Erigones
2300 3396 2729 3470 memoriam
2792 3391 3179 3473 celebrare
3244 3399 3461 3473 ince-

502 3546 818 3643 pissent:
859 3554 1094 3624 Νὸσου
1138 3552 1210 3620 δὲ
1251 3525 1651 3638 &Assum
1687 3551 2048 3640 γενομένης
2090 3553 2270 3621 κατὰ
2308 3550 2623 3641 χρησμὸν
2640 3550 2982 3637 Ἀθηναῖοι
3023 3553 3143 3622 τόν
3185 3553 3462 3621 ‘1⁹⁸’le-

502 3722 642 3791 ριον
707 3695 820 3786 itai
875 3698 996 3781 τὴν
1032 3697 1386 3786 Ἠριγόνην
1432 3696 1869 3772 ὄνιαυσιάίαις
1911 3694 2248 3798 ἐγέραιρον
2288 3694 2543 3783 rapiare.
2620 3682 2994 3774 Morbum,
3041 3686 3173 3782 qui
3218 3683 3458 3770 fuerit.

501 3828 897 3910 scholiasta
961 3854 1112 3903 non
1176 3832 1583 3922 accuratius
1646 3827 2037 3920 indicavit3
2119 3828 2246 3903 alii
2326 3851 2476 3903 non
2563 3842 2707 3901 tam
2776 3799 3109 3926 corporis
3171 3828 3460 3921 morbo,

502 3999 730 4072 quam
782 3975 1011 4050 animi
1074 3969 1403 4072 quadam
1467 3972 1924 4072 aegritudine
1974 3976 2294 4071 virgines
2343 3973 2616 4046 Atticas
2665 3937 2971 4046 infestas
3022 3993 3182 4048 esse
3233 3971 3459 4046 dixe-

502 4131 714 4208 runt,
798 4132 880 4190 ut
928 4115 1335 4217 suspendio
1387 4117 1609 4193 vitam
1661 4114 1997 4209 finirent,
2077 4114 2706 4215 quemadmodum
2760 4117 3053 4189 Servius
3098 4112 3314 4189 docet
3356 4113 3455 4190 ad

503 4265 704 4363 Virg.
756 4266 1024 4361 Georg.
1072 4266 1153 4338 11.
1196 4286 1265 4338 v·
1314 4261 1502 4341 3892
1585 4260 1774 4339 »Sed
1823 4277 1992 4362 post
2041 4260 2496 4362 aliquantum
2548 4276 2842 4356 tempus
2888 4235 3458 4338 Atheniensibus
