4125 5242
2118 424 2187 510 8

672 685 982 761 morbus
1043 684 1412 766 immissus
1462 693 1567 754 est
1621 674 1827 768 talis,
1898 688 1978 747 ut
2041 696 2300 748 eorum
2352 671 2678 771 virgines
2726 672 2979 754 furore
3032 658 3361 775 quodam
3411 704 3632 755 com-

671 829 1123 931 pellerentur
1171 824 1266 900 ad
1316 825 1703 923 laqueum,
1786 784 2321 917 respondittjue
2385 815 2767 905 oraculum
2829 818 3073 895 sedari
3121 824 3342 922 poss'e
3390 826 3631 924 pesti-

671 974 973 1047 lentiam
1033 969 1278 1061 illam‚
1359 971 1423 1042 si
1486 968 1848 1063 Erigones
1896 978 1969 1035 et
2031 963 2248 1034 Icarii
2316 959 2674 1036 cadavera
2738 963 3458 1063 perquirerenturm‘
3536 969 3631 1048 Et

670 1123 898 1218 plane
965 1110 1527 1189 eodem.modo
1592 1111 1926 1208 Hyginus
1991 1107 2180 1183 Astr.
2245 1108 2327 1177 11.
2392 1104 2481 1178 4:
2519 1093 2522 1096 ¹
2561 1111 2899 1180 »Interim
2967 1135 3135 1183 cum
3176 1113 3280 1183 ‘in
3350 1107 3664 1204 finibus,

670 1260 1225 1336 Atheniensium
1277 1221 1547 1330 multae
1596 1256 1919 1354 virgines
1966 1253 2125 1325 sine
2176 1275 2388 1323 causa
2440 1231 2847 1348 suspendio
2896 1254 3038 1328 sibi
3092 1272 3399 1328 mortem
3452 1281 3625 1330 con·

652 1399 1107 1492 sciscerent,
1169 1397 1376 1499 quod
1426 1401 1753 1497 Erigone
1806 1398 2130 1488 moriens
2181 1405 2726 1492 erat‘precata,
2798 1413 2876 1469 ut
2924 1396 3188 1472 eodem
3234 1395 3385 1474 leto
3434 1397 3632 1490 filiae
3699 1409 3708 1410 ⁷

671 1546 1227 1626 Atheniensium
1279 1542 1780 1631 afficerentur,
1846 1565 1998 1638 quo
2049 1541 2211 1636 ipsa
2264 1554 2418 1612 erat
2470 1538 2799 1632 obitura,
2874 1542 3014 1614 nisi
3060 1522 3271 1615 Icarii
3323 1559 3629 1617 mortem

675 1691 1048 1790 persecuti
1099 1705 1170 1761 et
1223 1714 1393 1760 eum
1442 1685 1684 1758 forent
1735 1684 1930 1757 ulti.«
2004 1688 2096 1756 At
2148 1682 2376 1756 fuisse
2426 1684 2645 1756 etiam
2698 1682 2913 1757 aliam
2967 1663 3240 1759 famam
3294 1685 3391 1759 de
3431 1675 3631 1787 turpi

679 1797 972 1922 morbo,
1007 1859 1159 1933 quo
1180 1831 1410 1906 affecti
1433 1833 1575 1903 sint
1601 1827 2079 1901 Athenienses
2104 1807 2406 1924 propter
2427 1829 2633 1901 Icarii
2656 1826 2983 1920 caedem,
3008 1829 3222 1903 docet
3247 1828 3635 1922 Scholiast-

675 1981 986 2052 Luciani
1023 1966 1537 2050 Concil.Deor.
1574 1999 1633 2045 c.
1668 1949 1710 2046 5
1747 1976 1828 2043 T.
1848 1973 1963 2041 lV.
2000 1996 2070 2066 p.
2109 1972 2246 2043 261
2288 1969 2404 2041 ed.
2437 1975 2589 2043 Jac.
2616 1975 2869 2068 ltaque
2903 1998 3077 2044 sane
3110 1976 3324 2046 etiam
3362 1979 3636 2048 Erato-

678 2124 974 2197 sthenes
1015 2124 1088 2192 in
1107 2120 1477 2192 Mercurio
1506 2114 1798 2188 videtur
1831 2114 2234 2185 memoriae
2262 2112 2708 2211 prodidisse,
2741 2140 3205 2213 gangraenae
3242 2117 3513 2191 morbo
3531 2118 3636 2191 af·

677 2241 906 2342 sectos
924 2264 1407 2338 Athenienses
1438 2276 1507 2331 et
1540 2281 1781 2355 prope
1811 2255 1906 2328 ad
1946 2257 2305 2328 insaniam
2330 2255 2632 2329 adactos
2657 2282 2838 2348 esse,
2885 2283 3051 2330 nam
3086 2257 3272 2334 haec
3310 2279 3633 2359 quoque,

600 2379 616 2386 -
679 2411 809 2483 ubi
857 2412 922 2482 is
974 2406 1274 2479 morbus
1312 2403 1663 2476 adauctus
1717 2418 1863 2490 est,
1920 2368 2278 2497 subsoequi
2317 2377 2627 2493 solebat,
2682 2417 2759 2473 ut
2798 2400 3015 2474 docet
3051 2403 3344 2476 Celsus:
3398 2409 3635 2476 »Inter

682 2554 871 2626 haec
922 2535 1191 2623 deinde
1251 2547 1481 2619 febris
1531 2561 1744 2618 acuta
1814 2546 2045 2617 oritur
2110 2546 2526 2640 ingensque
2591 2547 2785 2617 sitis:
2885 2546 3346 2642 quibusdam
3410 2552 3632 2622 etiam

684 2676 1026 2769 delirium
1081 2690 1406 2781 accedit3
1459 2690 1586 2762 alii
1637 2692 1983 2787 quamvis
2036 2690 2301 2760 mentis
2350 2691 2508 2768 sint,
2530 2706 2927 2787 compotes,
2976 2675 3463 2769 balbutiendo
3515 2695 3634 2766 vix
3677 2784 3684 2788 .

578 2817 581 2820 Ι
682 2863 942 2915 sensus
993 2861 1167 2910 suos
1219 2833 1622 2931 explicantt
1672 2835 1929 2931 incipit
1981 2831 2172 2904 affici
2221 2831 2691 2920 stomachus,
2741 2831 2824 2905 fit
2874 2832 3078 2907 foedi
3127 2838 3427 2935 spiritus
3475 2840 3639 2937 ipse

684 2941 999 3057 oderisi«
1101 2983 1197 3051 Et
1262 2975 1358 3050 de
1421 2980 1754 3074 corporis
1824 2959 2079 3077 aliquo
2147 2976 2414 3051 morbo
2475 2976 3037 3051 Eratosthenem
3123 2981 3203 3052 in
3265 2985 3630 3056 Mercurio

684 3126 1004 3217 dixisse,
1085 3122 1202 3198 vel
1265 3119 1344 3194 id
1412 3119 1703 3195 videtur
1780 3120 2144 3213 indicare,
2249 3119 2480 3219 quod·
2526 3123 2632 3194 sic
2694 3120 3125 3221 simpliciter
3187 3123 3633 3200 scholiastae

682 3270 1056 3346 Homerici
1107 3265 1398 3340 dicunt=
1463 3276 1668 3346 νόσου
1713 3276 1785 3344 δὲ
1842 3275 1904 3344 ἐν
1945 3275 2265 3362 Ἀθήναις
2315 3237 2700 3365 Πγείνομὲνης.
2776 3268 3049 3340 Verum
3105 3294 3256 3343 non
3307 3270 3678 3345 arbitror-

683 3418 763 3487 in
812 3417 1137 3511 Erigone
1194 3426 1486 3508 poetam
1554 3396 2027 3483 rem-eodem
2084 3408 2311 3483 modo
2355 3379 2865 3507 explicuisse,
2923 3411 3109 3506 ‘nam'
3177 3438 3341 3486 cum
3410 3413 3632 3487 foeda

687 3556 885 3631 illius
948 3525 1194 3629 morbi
1258 3556 1544 3662 species
1609 3553 1706 3626 ab
1775 3553 2166 3650 elegantia'
2201 3554 2491 3650 poesis,
2573 3576 2804 3650 quam
2869 3556 2945 3625 in
3009 3557 3331 3653 Erigone
3397 3556 3628 3656 elegia

690 3714 1005 3774 sectatus
1057 3713 1165 3773 est
1197 3695 1747 3789 Eratosthenes,
1787 3695 2190 3771 abhorrere
2234 3695 2627 3789 videretur,
2670 3721 2849 3772 sane
2897 3697 3096 3773 illius
3138 3702 3481 3774 carminis
3523 3705 3632 3773 in·

688 3846 937 3919 stituto
987 3841 1220 3955 multo
1269 3840 1530 3915 melius
1595 3840 2082 3916 conveniebat
2132 3839 2356 3914 altera
2405 3842 2640 3934 lama,
2727 3866 2922 3941 quae
2970 3857 3078 3917 est
3132 3843 3344 3950 'apud
3387 3848 3634 3944 Hygi·-

686 4011 866 4061 num
919 4000 989 4056 et
1038 3985 1406 4075 Servium,
1497 3987 1817 4081 virgines
1867 3987 2137 4058 Atticas
2190 3973 2468 4058 insania
2535 3983 2861 4083 quadam
2926 3949 3304 4085 correptas
3348 3986 3632 4064 &olun-

690 4146 905 4201 tatem
963 4124 1355 4200 obeundae
1403 4130 1658 4199 mortis
1707 4129 2026 4227 cepisse3
2096 4154 2335 4226 eoque
2385 4132 2627 4225 aptior
2678 4146 2832 4204 erat
2884 4127 3070 4203 baec
3118 4130 3356 4224 sama,
3426 4158 3630 4232 quo-

692 4274 888 4349 niam
956 4274 1063 4345 sic
1123 4268 1329 4342 licuit
1396 4286 1655 4366 poetae
1726 4296 1818 4345 ex
1886 4271 2091 4348 more
2172 4274 2367 4349 illius
2442 4274 2714 4350 saeculi
2792 4275 3113 4373 origines
3177 4274 3630 4351 solennitatis
