4125 5242
1971 383 2057 473 ὅ,

490 633 851 737 sdenique
896 635 1378 714 Wieselerum
1450 636 1522 707 in
1572 603 1775 708 Diar.
1825 636 2174 732 Antiquit.
2234 635 2441 711 1845.
2491 641 2572 711 N.
2626 637 2745 735 14)
2797 641 3031 748 potuit
3071 641 3478 744 *commode

516 782 737 855 etiam
786 782 860 855 in
902 781 1065 857 aliis
1110 777 1564 856 carminibus
1612 802 2233 868 commemorare,
2295 795 2369 852 ⁴et
2435 777 2747 853 dubium
2801 765 3107 857 omnino
3156 801 3305 876 est,
3383 743 3476 860 an

515 911 621 997 sit·
654 947 750 1000 ex
799 896 1124 1000 carmine
1163 923 1423 1023 aliquo.
1470 923 1814 1021 'petitum3
1899 946 2068 994 nam
2119 921 2644 999 Eratosthenes
2694 929 2910 999 etiam
2961 929 3038 1000 in
3089 927 3475 1027 gramma-“-

515 1069 661 1141 tico
726 1067 981 1168 aliquo
1047 1092 1314 1167 opere,
1393 1063 2026 1166 quemadmodum
2098 1067 2172 1138 in
2235 1065 2451 1141 libris
2498 1072 2599 1140 de
2666 1071 2994 1165 antiqua
3059 1036 3473 1163 cornoedia,

507 1210 783 1309 quibus
830 1215 1131 1312 saepius
1166 1187 1355 1286 vusus
1405 1227 1514 1284 est
1564 1206 2017 1307 Hesychius,
2066 1208 2427 1283 adhibere
2477 1214 2766 1309 potuit.⁴

700 1359 1003 1430 Restant
1050 1358 1379 1453 quinque
1428 1330 1860 1452 fragmentis
1909 1355 2211 1427 remotis
2263 1380 2533 1427 novem
2588 1354 2702 1429 vel
2744 1360 2988 1455 potius
3040 1327 3253 1447 octo,
3304 1383 3470 1432 cum

511 1496 692 1573 illud
712 1552 746 1588 ,.
824 1492 1031 1597 quod
1096 1504 1435 1575 Osannus
1517 1497 1785 1571 ultimo·
1856 1497 2025 1571 loco
2112 1500 2392 1597 posuit,
2477 1498 2573 1572 ad
2638 1497 3110 1572 Parthenium
3197 1501 3476 1574 referre

507 1641 730 1716 malit.
825 1647 1095 1719 Verum
1167 1668 1260 1716 ne
1328 1641 1512 1721 haec
1577 1641 1881 1741 quidem
1955 1645 2199 1715 omnia
2273 1640 2366 1715 ad
2423 1627 3203 1742 Erigonemeleg'iam
3282 1671 3473 1743 per-

364 1802 375 1806 ’
500 1789 770 1878 tinent,
817 1767 951 1861 seil
1002 1812 1169 1861 cum
1224 1802 1525 1879 constet,
1574 1784 1777 1884 quod
1834 1780 2172 1861 Osannus
2224 1794 2524 1887 quoque
2578 1786 2757 1859 mihi
2809 1791 3200 1875 concessit,
3278 1793 3475 1861 Era-

507 1929 913 2005 tosthenem
965 1931 1162 2006 idem
1214 1946 1726 2031 argumentum
1781 1933 1854 2002 in
1907 1934 2278 2004 Mercurio
2335 1935 2803 2032 tractavisse,
2871 1931 3278 2003 videndum
3334 1949 3468 2022 est,

509 2100 602 2148 an
653 2078 842 2149 forte
892 2074 989 2149 ad
1042 2075 1228 2147 illud
1282 2096 1470 2170 opus
1522 2069 1887 2168 quaedam
1937 2071 2294 2168 reliquiae
2325 2076 2614 2145 rectius
2664 2100 2887 2171 quam
2945 2075 3039 2147 ad
3070 2078 3470 2173 Erigonem

502 2219 932 2292 referantur.
1030 2219 1124 2289 Et
1175 2220 1337 2314 ipse
1386 2220 1723 2289 Osannus
1775 2213 1950 2285 dicit
2002 2241 2072 2311 p.
2130 2216 2257 2287 14:
2347 2218 2487 2285 »In
2553 2213 2699 2287 hac
2764 2219 2972 2287 sedis
3036 2212 3269 2290 unius
3320 2246 3468 2291 cu-

432 2337 439 2338 i
497 2368 919 2459 juscunque
968 2361 1486 2456 ambiguitate
1510 2385 1633 2447 &ne
1682 2361 1871 2471 quid
1913 2355 2715 2451 praetermitteretur,
2779 2362 2980 2455 quod
3031 2364 3141 2432 ad
3192 2364 3469 2457 Erigo-

501 2532 682 2580 nam
723 2507 1121 2601 pertinere
1160 2506 1577 2599 potuisset,
1658 2501 1862 2574 hanc
1926 2504 2310 2574 rationem
2369 2504 2925 2576 instituendam
2976 2509 3293 2599 putavi,
3382 2521 3470 2581 ut

505 2652 665 2723 nisi
715 2673 916 2745 quae
961 2674 1016 2718 a
1064 2663 1306 2718 metro
1358 2649 1698 2740 elegiaco
1751 2649 2016 2719 aliena
2072 2662 2341 2739 essent,
2392 2662 2650 2719 cetera
2681 2650 2953 2719 omnia
2985 2643 3468 2742 fragmenta,

515 2821 713 2891 quae
764 2796 888 2866 vel
935 2808 1207 2888 aperte
1254 2797 1363 2864 ad
1411 2793 1829 2883 Erigonae>
1864 2792 2232 2884 fabulam
2274 2793 2399 2862 vel
2449 2795 2556 2861 ad
2605 2818 2731 2863 res
2780 2795 3213 2864 Baccha-ae
3264 2820 3468 2887 spec·

507 2953 811 3021 tarent,
898 2939 1436 3034 complecterer
1489 2949 1721 3030 atque
1775 2936 2181 3028 Erigonae
2246 2937 2580 3007 carmini
2631 2918 3171 3028 adsignarem,
3227 2936 3467 3014 Jzaucl

506 3086 805 3155 nescius
846 3109 1070 3179 posse
1122 3084 1204 3152 in
1256 3084 1357 3152 iis
1411 3105 1590 3170 ease,
1641 3106 1837 3174 quae
1886 3081 2071 3151 olim
2124 3081 2218 3149 in'
2251 3080 2652 3151 Mercurio
2702 3081 2951 3151 locum
3003 3080 3465 3152 habuissent.

505 3231 640 3299 Ita
687 3243 775 3298 ut
803 3187 1204 3321 facerem,
1290 3251 1375 3314 eo
1412 3225 1905 3319 potissimum
1975 3228 2363 3299 adductus
2428 3249 2632 3314 sum,
2702 3227 2942 3317 quod,
3026 3249 3253 3318 quum
3318 3250 3464 3294 ar-

496 3385 943 3467 gumentum
973 3368 1307 3464 fabulae
1371 3369 1454 3437 in
1508 3369 1863 3463 Erigona
1917 3368 2156 3437 multo
2224 3368 2727 3463 explic-atim,
2804 3390 3035 3461 quam
3100 3367 3183 3437 in
3230 3367 3464 3437 Mer-

485 3519 729 3589 eurio
773 3517 1186 3625 manifesto
1237 3508 1664 3595 tractatum
1694 3513 2000 3607 fuerit,
2056 3515 2430 3604 majorem
2462 3514 3102 3606 fragmentorum
3144 3525 3458 3605 partem

505 3684 599 3734 ex
653 3658 793 3730 illo
831 3671 1186 3752 poemate
1218 3658 1510 3752 potiuS,
1559 3681 1788 3752 quam
1841 3681 1931 3727 ex
1977 3653 2118 3726 hoc
2167 3656 2461 3752 afferri
2488 3620 2971 3748 probabilius
3021 3623 3455 3729 videatur-‚a

499 3811 587 3878 At
659 3827 805 3875 non
871 3814 979 3874 est
1048 3805 1344 3898 veru‘m,
1424 3797 1632 3897 quod
1701 3798 1875 3872 dicit
1925 3804 2264 3873 Osannus
2312 3801 2710 3895 Erigonem
2776 3797 3103 3872 nobilius
3155 3821 3460 3871 carmen

507 3928 734 4047 quam
783 3944 1221 4019 Mercurium
1276 3938 1542 4025 fuisse3
1627 3940 1811 4041 quid
1866 3943 2073 4041 quod
2121 3943 2554 4017 scholiastae
2599 3943 3000 4031 Homerici,
3084 3967 3124 4013 a
3178 3941 3456 4039 quibus

505 4090 816 4193 profecti
877 4113 1170 4178 sumus,
1254 4109 1405 4160 non
1469 4083 1880 4160 secundum
1944 4088 2384 4187 Erigonem,
2465 4084 2597 4161 sed
2647 4084 3074 4160 :secundum
3152 4089 3460 4158 Mercu·-

503 4239 701 4312 rium
750 4232 1022 4307 famam
1076 4229 1170 4305 de
1211 4231 1442 4306 Icario
1495 4245 1567 4303 et
1611 4232 1935 4331 Erigone
1983 4249 2370 4317 enarrant,
2452 4227 2656 4331 quod
2711 4228 2828 4310 vel
2878 4233 3212 4302 Osannus
3263 4249 3461 4302 con-
