4125 5242
1952 416 2015 501 Ἰ
2043 531 2045 535 ⁴

988 739 993 744 ,
1586 681 1591 684 ’
1689 664 1772 730 At
1809 660 1881 732 δὲ
1919 660 2226 730 πελιδναὶ

904 792 1292 868 Πῡθεδᾶνες
1327 789 1849 882 γάγγραιναν
1895 784 2280 878 ὖῃπὸτρεφον
2305 838 2328 868 .
2370 784 2619 863 οὐλοὸν
2664 788 2896 896 ἔλιςος.

481 954 1016 1050 ,ῦοηῇοοωῐεω
1069 945 1460 1025 confirmat
1507 968 1976 1046 gangraenae
2027 943 2447 1044 descriptio,
2501 972 2694 1045 quae
2742 950 3009 1047 legitur
3055 950 3258 1049 apud
3295 953 3457 1027 Cel·

484 1119 651 1172 sum
701 1098 785 1172 V.
833 1096 969 1169 26:
1037 1096 1339 1178 »Priora
1377 1088 1687 1186 (ulcera)
1750 1092 1829 1164 in
1879 1086 2214 1188 qualibet
2283 1105 2492 1188 parte
2561 1094 2897 1189 corporis
2960 1091 3185 1186 fiunt;
3266 1092 3456 1172 haec
3587 1157 3592 1160 .

474 1236 971 1338 (gangraena)
1018 1239 1096 1308 in
1146 1233 1734 1335 prominentibus
1801 1231 2191 1324 membris,
2267 1231 2348 1307 id
2415 1250 2525 1308 est
2588 1238 2781 1308 inter
2847 1260 3129 1335 ungues
3178 1253 3251 1312 et
3298 1239 3454 1315 alas

486 1380 604 1458 vel
649 1383 998 1480 inguina,
1040 1379 1345 1477 fereque
1397 1380 1475 1450 in
1524 1376 1832 1462 senibus
1879 1376 2002 1450 vel
2048 1379 2126 1451 in
2173 1374 2328 1469 his,
2380 1403 2701 1478 quorum
2753 1394 3029 1478 corpus
3079 1379 3256 1456 mali
3300 1381 3455 1456 ha·-

481 1524 685 1600 bitus
732 1540 865 1600 est.
963 1527 1156 1598 Caro
1189 1521 1296 1596 illi
1335 1521 1564 1595 ulceri
1612 1487 1730 1596 rel
1771 1521 1982 1620 nigra
2041 1519 2160 1596 vel
2188 1520 2415 1597 livida
2466 1538 2598 1614 est,
2648 1520 2781 1597 sed
2836 1526 3027 1598 sicca
3081 1541 3155 1598 et
3206 1524 3453 1617 arida;

484 1672 973 1768 proximaque
1021 1669 1206 1743 cutis
1254 1666 1700 1765 plerumque
1763 1662 2141 1763 subnigris
2187 1665 2506 1763 pustulis
2571 1664 2959 1764 impletur;
3046 1665 3320 1742 deinde
3385 1672 3453 1748 ei

482 1778 862 1912 proxima,
934 1812 1057 1888 vel
1116 1809 1438 1910 pallida,
1518 1807 1637 1883 vel
1707 1807 1985 1898 livida,
2058 1807 2367 1908 fereque
2415 1774 2851 1907 aeruginosa
2904 1825 2976 1883 et
3023 1813 3183 1884 sine
3230 1803 3450 1887 sensu

394 2030 410 2045 „
482 1972 617 2030 est.
677 1958 1016 2029 Deterior
1057 1958 1139 2029 in
1186 1953 1763 2035 inflammatione
1811 1967 1944 2043 est,
1994 1939 2393 2050 omniaque
2450 1978 2533 2025 ea
2586 1952 2803 2027 simul
2856 1970 3183 2054 serpunt,
3233 1956 3443 2032 ulcus

481 2100 854 2201 inlocum
908 2098 1405 2197 pustularum,
1484 2096 1822 2194 pustulae
1872 2098 1947 2167 in
1997 2061 2211 2183 eum,
2289 2096 2418 2192 qui
2470 2094 2694 2193 pallet
2749 2114 2876 2171 aut
2922 2098 3136 2181 livet3
3210 2099 3451 2197 pallor

490 2258 614 2318 aut
664 2242 856 2317 livor
902 2244 976 2314 in
1026 2241 1146 2331 id,
1196 2238 1421 2356 quodi
1452 2244 1819 2337 integrum
1872 2254 2003 2330 est,
2052 2239 2376 2312 transit«
2431 2207 2683 2335 Itaque
2732 2252 3104 2327 πυθεδόνες
3145 2252 3447 2324 πελιδνοὶ

487 2384 694 2484 apud
722 2383 1291 2459 Eratosthenem
1340 2399 1510 2457 sunt
1558 2381 1961 2481 subnigrae
2008 2381 2179 2455 illae
2223 2381 2582 2479 pustulae,
2631 2409 2825 2482 quae
2858 2389 3187 2460 nutriunt
3236 2391 3448 2486 quasi

487 2528 733 2620 ulcus,
785 2553 953 2602 cum
1004 2513 1450 2625 gangraena'
1479 2525 1694 2601 latius
1737 2517 2038 2624 serpere
2089 2526 2302 2606 solet.
2535 2631 2539 2635 Α

681 2669 1022 2762 Concidit
1066 2673 1286 2769 igitur
1333 2672 1843 2767 interpretatio
1892 2670 2063 2759 loci,
2106 2695 2298 2767 quae
2344 2670 2440 2744 ab
2494 2661 2926 2747 hominibus
2974 2671 3212 2749 doctis
3257 2699 3449 2769 pro-

484 2818 723 2916 posita
776 2830 923 2906 est,
1005 2812 1140 2888 sed
1190 2814 1308 2888 vel
1356 2816 1464 2887 sic
1514 2783 1837 2913 conjicio
1885 2812 2026 2888 hos
2076 2838 2328 2888 versus
2379 2814 2476 2887 ad
2527 2818 2897 2914 Erigonae
2945 2812 3034 2891 et'
3060 2821 3272 2892 Icarii
3323 2818 3449 2892 fa·-

483 2961 739 3037 bnlam
788 2960 1184 3059 pertinere.
1281 2959 1573 3031 Etenim
1626 2972 1703 3029 ut
1750 2959 1911 3054 ipse
1960 2956 2485 3034 Eratosthenes
2534 2976 2791 3033 auctor
2839 2976 2984 3052 est,
3052 2986 3219 3034 cum
3265 2965 3477 3040 Eri-1

484 3129 681 3206 gone
749 3101 1156 3203 suspendio
1228 3126 1308 3178 se
1379 3099 1902 3192 interfecisset,
1985 3098 2506 3193 Athenienses,
2578 3118 2654 3177 nt
2703 3127 2983 3201 poenas
3050 3104 3446 3196 solverent,

485 3248 797 3328 morbus
845 3249 1224 3346 corripuit,
1264 3272 1308 3324 a
1357 3270 1511 3344 quo
1557 3253 1714 3319 tum
1756 3243 2055 3319 de‘mum
2108 3223 2411 3320 liberati¹
2453 3260 2650 3336 sunt,
2697 3271 2864 3321 cum
2917 3246 3198 3322 oraculi
3229 3252 3444 3347 jussu

458 3393 918 3501 ‘solennibus
989 3367 1405 3466 honoribus
1463 3392 1674 3465 Icarii
1722 3406 1795 3462 et
1857 3392 2219 3490 Erigones
2281 3390 2712 3464 memoriam
2775 3388 3160 3468 celebrare
3227 3393 3443 3467 ince-

485 3542 802 3639 pissentss
842 3548 1078 3618 Νόσου
1122 3546 1193 3615 δὲ
1234 3520 1634 3632 {valeravans-
1669 3545 2031 3637 γενομένης
2074 3547 2253 3615 κατὰ
2291 3544 2604 3636 χρησμὸν
2623 3544 2965 3631 Ἀθηναῖοι
3005 3547 3125 3616 τόν
3167 3547 3444 3615 ›rs-’Ind-

485 3717 624 3786 ριον
690 3690 804 3761 καὶ
857 3693 980 3776 τὴν
1016 3690 1368 3780 Ἠριγόνην
1415 3691 1852 3766 ὄνιαυσιάίαις
1895 3688 2231 3782 ἐγέραιρον
2272 3690 2525 3778 τιμαῖς.
2602 3675 2976 3768 Morbum,
3024 3680 3154 3775 qui
3201 3677 3441 3764 fuerit,

483 3823 879 3948 scholiasta
944 3849 1096 3899 non
1159 3825 1566 3900 accuratius
1629 3824 2018 3914 indicavit3
2101 3822 2228 3897 alii
2309 3846 2460 3898 non
2546 3837 2690 3896 tam
2757 3824 3091 3946 corporis
3153 3823 3443 3915 morbo,

485 3994 713 4068 quarn
765 3971 991 4043 animi
1054 3963 1385 4067 quadam
1449 3966 1907 4067 aegritudine
1957 3968 2278 4065 virgines
2325 3968 2598 4040 Atticas
2647 3931 2954 4041 infectas
3006 3987 3166 4041 esse
3216 3965 3441 4039 dixe-

485 4126 698 4203 runt,
781 4128 862 4185 ut
910 4110 1318 4213 suspendio
1370 4113 1592 4188 vitam
1645 4110 1981 4203 finirent,
2061 4108 2691 4211 quemadmodum
2744 4110 3038 4183 Servius
3082 4106 3297 4182 docet
3339 4106 3441 4184 ad

485 4260 686 4358 Virg.
738 4261 1006 4356 Georg.
1054 4261 1136 4332 11.
1179 4280 1248 4333 v,
1297 4255 1486 4334 389:
1568 4254 1759 4333 »Sed
1807 4272 1977 4356 post
2025 4254 2480 4355 aliquantum
2533 4269 2825 4350 tempus
2872 4230 3441 4330 Atheniensibus
