4125 5242
1929 416 1992 501 *7

1560 681 1567 686 ’
1665 664 1748 730 At
1786 660 1857 730 δὲ
1897 660 2202 731 πελιδναὶ

880 792 1269 868 Πῡθεδόνες
1304 789 1826 883 γάγγραιναν
1872 784 2305 880 ὖὶπ-ὅτρεφον.
2347 784 2595 863 οὐλοὸν
2641 787 2874 897 ἕλκεος.

470 955 993 1052 conjecturam
1045 945 1437 1025 confirmat
1484 970 1953 1046 gangraenae
2002 944 2424 1044 descriptio,
2477 971 2671 1046 quae
2719 949 2985 1047 legitur
3032 950 3235 1051 apud
3272 953 3434 1027 Cel·

461 1121 627 1173 sum
677 1099 761 1174 V.
809 1097 945 1169 26:
1013 1096 1316 1178 »Priora
1353 1090 1664 1187 (ulcera)
1726 1093 1805 1164 in
1855 1086 2190 1189 qualibet
2260 1107 2469 1189 parte
2538 1093 2874 1190 corporis
2937 1090 3163 1185 fiunt3
3243 1091 3433 1172 haec

451 1237 947 1339 (gaugroena)
994 1239 1072 1309 in
1122 1203 1712 1335 prominentibus
1777 1231 2169 1324 membris,
2245 1231 2322 1306 id
2392 1250 2501 1308 est
2566 1238 2758 1308 inter
2823 1260 3106 1335 ungues
3154 1253 3228 1311 et
3275 1238 3431 1315 alas

462 1382 580 1458 vel
625 1384 973 1481 inguina,
1016 1380 1323 1479 fereque
1372 1380 1450 1451 in
1501 1377 1809 1463 senibus
1856 1376 1979 1451 vel
2024 1380 2103 1452 in
2150 1374 2306 1469 his,
2356 1404 2678 1479 quorum
2731 1394 3006 1478 corpus
3056 1379 3232 1455 mali
3277 1381 3431 1455 ha·-

459 1525 661 1602 hitus
709 1542 841 1601 est.
939 1528 1132 1598 Caro
1165 1522 1272 1597 illi
1312 1522 1541 1596 ulceri
1588 1491 1708 1596 rel
1748 1519 1958 1621 nigra
2019 1520 2136 1598 vel
2166 1520 2392 1597 livida
2443 1539 2574 1615 est,
2626 1521 2758 1598 sed
2813 1525 3004 1598 sicca
3058 1541 3131 1598 et
3183 1497 3430 1617 arida;

461 1672 950 1769 proximaque
997 1670 1182 1744 cutis
1232 1666 1676 1766 plerumque
1739 1663 2118 1764 subnigris
2164 1666 2483 1765 pustulis
2548 1666 2936 1765 impletur3
3023 1666 3297 1742 deinde
3363 1672 3431 1749 ej

459 1779 838 1912 proxima,
912 1813 1034 1889 vel
1093 1810 1414 1912 pallida,
1495 1809 1617 1885 vel
1684 1808 1961 1899 livida,
2036 1808 2345 1908 fereque
2392 1775 2829 1909 aeruginosa
2881 1826 2954 1883 et
3001 1813 3161 1886 sine
3207 1837 3428 1888 sensu

371 2031 387 2046 ,
459 1972 592 2031 est.
653 1959 993 2031 Deterior
1034 1959 1114 2031 in
1163 1954 1740 2036 inflammatione
1788 1969 1920 2044 est,
1970 1940 2371 2052 omniaque
2427 1979 2511 2027 ea
2563 1953 2781 2028 simul
2834 1971 3160 2055 serpunt,
3211 1956 3421 2031 ulcus

458 2100 830 2202 inlocum
884 2099 1381 2228 pustulat-qum,
1461 2095 1798 2194 pustulae
1848 2097 1923 2166 in
1972 2061 2188 2181 eum,
2264 2096 2395 2191 qui
2447 2095 2671 2212 pallet
2725 2114 2854 2170 aut
2900 2098 3114 2181 livet3
3188 2099 3429 2198 pallor

467 2259 590 2317 aut
638 2243 831 2318 livor
878 2244 954 2314 in
1002 2241 1122 2331 id,
1171 2238 1381 2338 quod
1429 2244 1795 2337 integrum
1848 2253 1980 2330 est,
2031 2238 2353 2311 transita
2408 2242 2660 2335 Itaque
2709 2251 3082 2326 πυθεὸόνες
3122 2252 3426 2322 ultam}

466 2384 668 2485 apud
699 2382 1267 2459 Eratosthenem
1316 2343 1487 2457 sunt
1536 2381 1937 2481 subnigrae
1985 2381 2156 2455 illae
2200 2380 2559 2480 pustulae,
2608 2407 2802 2480 quae
2835 2387 3165 2460 nutriunt
3213 2390 3427 2486 quasi

465 2529 709 2621 ulcus,
762 2553 931 2603 cum
981 2513 1426 2625 gangraena'
1455 2524 1671 2600 latius
1714 2517 2015 2623 serpere
2066 2527 2280 2605 solet.

657 2669 999 2772 Concidit
1042 2672 1264 2770 igitur
1310 2672 1820 2768 interpretatio
1870 2671 2040 2758 lpci,
2083 2695 2274 2768 quae
2322 2670 2418 2744 ab
2472 2661 2903 2746 hominibus
2951 2670 3190 2749 doctis
3235 2698 3426 2768 pro-

461 2818 721 2917 posita*
753 2831 902 2908 est,
982 2813 1116 2888 sed
1167 2814 1283 2888 vel
1333 2816 1441 2888 sic
1490 2783 1814 2913 conjicio
1862 2813 2003 2888 hos
2052 2838 2306 2889 versus
2357 2813 2457 2887 ad
2504 2817 2874 2915 Erigonae
2923 2811 3012 2890 et'
3040 2819 3250 2891 Icarii
3302 2817 3428 2893 fa-

460 2962 716 3038 bulam
767 2960 1161 3061 pertinere.
1259 2960 1550 3032 Etenim
1603 2972 1680 3029 ut
1727 2959 1889 3057 ipse
1937 2956 2464 3034 Eratosthenes
2512 2975 2769 3033 auctor
2816 2976 2962 3052 est,
3030 2985 3197 3034 cum
3243 2964 3456 3038 Etim.

460 3130 658 3208 gone
725 3102 1132 3204 suspendio
1205 3127 1286 3178 se
1355 3100 1879 3193 interfecisset,
1961 3099 2484 3192 Athenienses,
2556 3118 2631 3177 ut
2680 3126 2960 3200 poenas
3028 3102 3425 3195 solverent,

461 3249 774 3330 morbus
823 3250 1203 3346 corripuit,
1241 3273 1285 3325 a
1335 3272 1489 3345 quo
1534 3253 1691 3319 tum
1734 3244 2033 3319 de‘mum
2086 3222 2389 3320 liberati¹
2431 3259 2628 3335 sunt,
2674 3270 2842 3320 cum
2896 3245 3177 3321 oraculi
3207 3252 3423 3346 jussu

435 3394 895 3503 ‘solennibus
965 3369 1383 3466 honoribus
1440 3391 1651 3466 Icarii
1699 3406 1772 3462 et
1835 3393 2196 3491 Erigones
2259 3390 2715 3477 memoriam⁴
2752 3387 3139 3467 celebrare
3205 3393 3422 3466 ince-

462 3542 779 3639 pissentt
819 3549 1055 3619 Νὸσου
1098 3547 1170 3615 δὲ
1211 3520 1611 3633 ἐνὸΔθήναις
1647 3546 2008 3635 γενομένης
2049 3547 2230 3615 κατὰ
2269 3542 2583 3635 χρησμὸν
2600 3544 2943 3631 Ἀθηναῖοι
2984 3529 3104 3615 τόν
3146 3546 3423 3614 ‘rs-’Imi-

462 3718 603 3787 ριον
667 3691 781 3781 καὶ
834 3695 955 3778 τὴν
992 3693 1346 3782 Ἠριγόνην
1392 3691 1829 3766 ἔνιαυσιάίαις
1872 3688 2209 3792 ἐγέραιρον
2249 3688 2503 3778 τιμαῖς.
2580 3675 2955 3768 Morbum,
3002 3678 3133 3775 qui
3179 3676 3419 3763 fuerit.

461 3824 856 3906 scholiasta
920 3851 1072 3900 non
1135 3827 1544 3902 accuratius
1608 3824 1997 3914 indicavit3
2080 3822 2206 3897 alii
2287 3846 2437 3897 nou
2524 3837 2668 3896 tam
2736 3823 3070 3920 corporis
3132 3821 3421 3914 morbo,

462 3995 690 4069 quam
742 3972 970 4045 animi
1033 3965 1364 4067 quadam
1427 3966 1885 4068 aegritudine
1934 3969 2255 4066 virgines
2302 3967 2577 4040 Atticas
2627 3931 2932 4040 infectas
2984 3987 3144 4041 esse
3195 3964 3420 4039 dixe-

462 4127 676 4204 runt,
759 4129 841 4186 ut
889 4111 1295 4213 suspendio
1347 4113 1569 4189 vitam
1621 4110 1958 4204 finirent,
2037 4107 2667 4210 quemadmodum
2721 4110 3015 4183 Servius
3060 4106 3276 4182 docet
3318 4106 3417 4183 ad

463 4261 664 4359 Virg.
716 4262 985 4357 Georg.
1033 4262 1114 4334 11.
1157 4282 1225 4334 v·
1275 4256 1463 4336 3892
1546 4255 1735 4334 »Sed
1784 4272 1953 4357 post
2002 4255 2459 4356 aliquantum
2510 4269 2803 4350 tempus
2849 4230 3420 4330 Atheniensibus
