4125 5242
624 684 979 760 contendi
1037 702 1331 786 poetam
1401 680 1714 761 eandem
1789 678 2124 755 fabulam
2188 682 2266 754 in
2330 683 2706 755 Mercurio
2767 648 3317 781 perstrinxisse,
3399 680 3627 761 con--¹

624 834 926 930 jecique
978 847 1231 930 postea
1282 829 1611 916 demum,
1663 798 2384 925 quoniam‘materia
2436 831 2611 900 satis
2662 827 2869 926 larga
2921 833 3254 929 satisque
3286 847 3593 907 venusta

625 979 778 1055 visa
846 992 1040 1065 erat,
1131 974 1330 1047 idem
1397 987 1914 1079 argumentum
1980 966 2340 1069 singulari
2411 975 2736 1055 carmine
2804 973 3041 1048 fusius
3115 992 3588 1075 persecutum

623 1144 802 1195 esse.
899 1121 1059 1193 Alia
1109 1116 1476 1217 quaedam
1528 1114 1624 1189 de
1673 1114 1999 1217 Erigone
2048 1114 2199 1188 dixi
2249 1118 2327 1190 in
2391 1121 3093 1192 commentationum
3147 1123 3581 1194 Criticarnm

622 1264 980 1338 Particula
1049 1269 1130 1337 11.
1200 1290 1275 1361 p.
1329 1265 1408 1336 V.
1507 1265 1778 1335 Denuo
1851 1264 2280 1361 nuperrime
2362 1266 2439 1334 in
2502 1263 2646 1337 hoe
2730 1275 3203 1364 argumento
3258 1281 3586 1382 versatus

624 1427 732 1484 est
781 1407 1037 1484 Fried.
1070 1414 1408 1482 Osannus
1477 1404 1609 1498 (de
1657 1403 2165 1480 Eratosthenis
2215 1411 2573 1508 Erigona,
2653 1412 2976 1481 carmine
3026 1408 3378 1508 Eiegiaco
3449 1434 3591 1485 scr.

621 1561 742 1629 Fr.
796 1560 1065 1627 Osann.
1117 1555 1509 1651 Gottingae
1568 1551 1827 1645 1846);
1899 1567 1973 1623 at
2042 1577 2136 1625 ne
2190 1551 2309 1625 hic
2359 1551 2661 1651 quidem
2716 1556 2829 1627 vir
2878 1552 3350 1628 doctissimus
3414 1557 3591 1629 satis

626 1702 815 1775 cavit
865 1699 961 1772 ab
1004 1697 1414 1787 erroribus,
1462 1698 1708 1794 itaque
1757 1710 2046 1795 operae‘
2087 1695 2344 1771 videor
2392 1703 2708 1795 pretium
2764 1701 3110 1790 tacturus,
3163 1702 3224 1771 si
3276 1698 3588 1776 eandem
3631 1753 3639 1758 -

628 1842 820 1917 banc
868 1845 1372 1942 quaestionem
1426 1828 1707 1913 iternm'
1749 1841 1893 1913 sub
1944 1843 2260 1916 examen
2326 1869 2711 1918 vocavero.
2781 1844 2969 1916 Nolo
3024 1861 3268 1917 autem
3321 1848 3594 1935 omnia,

627 2014 819 2087 quae
855 2001 1391 2062 commentatus
1440 2001 1546 2058 est
1578 1978 1940 2070 (hunnus,
1992 1991 2672 2080 perscrutari,‘nam
2729 1987 2858 2059 odi
2903 1988 3334 2086 improbum
3391 1989 3593 2063 hunc

625 2104 1070 2210 adversandi
1120 2130 1477 2217 laborem,
1528 2124 1661 2200 sed
1738 2128 2121 2224 potissima
2187 2145 2466 2217 tantum
2515 2092 2812 2228 ⁸eligam.

820 2286 1159 2352 Osannus
1208 2290 1448 2347 autem
1492 2270 1649 2344 fere
1691 2268 1892 2345 idem
1942 2276 2194 2347 statuit
2227 2274 2339 2350 .de
2383 2274 2858 2362 necessitate,
2935 2252 3131 2372 qnae
3181 2274 3591 2350 intercedat

625 2432 816 2500 inter
863 2410 1309 2497 Mercurium
1364 2434 1434 2490 et
1483 2419 1928 2515 Erigonem,
2015 2417 2224 2516 quod
2277 2444 2418 2518 ego
2483 2419 2658 2493 olim
2715 2422 3109 2519 proposui,
3193 2400 3335 2495 nisi
3383 2420 3590 2520 qnod

630 2584 877 2646 censet
923 2570 1322 2666 Erigonem
1374 2568 1578 2661 prius
1627 2564 1974 2662 scriptam
2028 2589 2226 2655 esse3
2278 2564 2454 2638 dicit
2504 2568 2696 2637 enim
2748 2592 2819 2663 p.
2866 2565 2956 2639 4:
3037 2568 3315 2657 „Quod
3361 2569 3593 2639 deni-—

630 2743 773 2815 que
833 2702 1058 2809 ponit
1124 2706 1722 2804 Bernhardyus,
1809 2735 2041 2805 quum
2095 2711 2497 2803 Erigonae
2562 2687 2903 2783 historia
2981 2713 3387 2784 Mercurio
3455 2715 3591 2783 in·-

630 2835 788 2935 seri
841 2856 1260 2945 debuisset,
1351 2856 1483 2927 vix
1505 2853 1698 2948 fieri
1744 2858 2131 2949 potuisse,
2196 2869 2283 2927 ut
2334 2860 2659 2928 eandem
2724 2857 3125 2928 itentidem
3173 2883 3335 2929 rem
3385 2859 3588 2929 idem

628 3019 1119 3081 tractaturus
1172 3002 1506 3096 suisset,
1593 3001 1681 3072 id
1742 3001 2038 3073 nullius
2108 3002 2416 3072 omnino
2478 3003 2789 3103 vitietur
2857 3004 3261 3092 momenti,
3360 3027 3591 3098 quum

633 3153 833 3225 sumi
869 3148 1127 3244 possit
1180 3145 1509 3240 elegiam
1559 3147 1658 3217 de
1707 3146 2069 3277 Erigona
2106 3148 2338 3241 prius
2384 3171 2613 3242 quam
2661 3147 3151 3218 Mercurium
3216 3123 3592 3241 scriptam

632 3322 792 3371 esse
807 3346 829 3379 ,
936 3295 1333 3387 Erigonae
1368 3316 1585 3365 vero
1648 3314 1779 3363 res
1845 3293 1931 3362 in
1990 3291 2391 3363 Mercurio
2407 3338 2432 3372 ,
2530 3292 2708 3386 ipsa
2770 3292 3073 3363 ratione
3149 3292 3594 3384 argumenti

619 3441 1114 3537 postulante,
1192 3462 1422 3533 quam
1450 3435 1960 3508 brevissimis
2004 3436 2260 3509 verbis
2323 3450 2960 3508 commemoratas
3011 3436 3242 3509 esse.“
3337 3437 3593 3510 Irritus

634 3585 857 3659 fuerit
908 3580 1161 3672 labor,
1209 3582 1272 3655 si
1318 3583 1493 3680 quis
1542 3577 1829 3654 dehac
1876 3604 1957 3653 re
2009 3578 2407 3678 disceptari
2437 3580 2668 3673 stelit,
2733 3596 2976 3670 utrum
3029 3602 3332 3652 carmen
3387 3582 3596 3678 prius

632 3733 725 3806 sit
778 3728 1313 3827 compositum,
1393 3750 1547 3811 nec,
1596 3722 1906 3798 multum
1964 3724 2223 3817 refert,
2301 3708 2544 3799 utrum
2596 3727 2874 3798 Osanni
2940 3750 3035 3796 an
3105 3702 3342 3797 meam
3411 3749 3597 3798 sen·-

636 3877 931 3953 tentiam
968 3874 1137 3972 quis
1183 3867 1651 3970 probaverit:
1699 3868 1886 3944 illud
1926 3896 2103 3944 vero
2153 3873 2559 3970 permirum
2611 3885 2740 3958 est,
2790 3874 3198 3959 Osannum,
3248 3894 3415 3943 cum
3471 3869 3593 3942 hic

634 3996 828 4094 idem
868 4002 1035 4090 'fere
1082 4017 1177 4090 sit
1225 4029 1537 4104 secutus,
1586 4013 1794 4112 quod
1846 4014 2022 4088 olim
2073 4018 2452 4115 proposui,
2506 4013 2685 4111 mihi
2727 4012 2952 4113 paulo
3002 4030 3168 4112 post
3218 4012 3597 4087 adversari
3639 3999 3657 4009 ’

636 4145 711 4265 ρ’.
736 4166 831 4238 6:
868 4165 1182 4257 „Neque
1198 4162 1523 4257 denique
1559 4161 1974 4257 quidquam
1998 4163 2449 4258 proficimus
2485 4185 2577 4233 cx
2602 4164 3049 4254 conjectura
3080 4160 3428 4268 Bergkii,
3463 4159 3597 4255 qui

638 4306 966 4384 Bac-chii
1012 4307 1403 4381 sententia
1456 4308 1553 4378 de
1587 4308 2409 4403 peculianiErigonae
2458 4307 2807 4380 carmine
2841 4304 3201 4402 probata,
3258 4329 3423 4376 rem
3473 4306 3592 4377 ita
