4125 5242
1975 362 2061 452 ὅ,

502 612 853 716 [denique
899 614 1381 693 Wieselerum
1453 616 1525 686 in
1575 614 1779 687 Diar.
1826 614 2177 711 Antiquit.
2238 614 2445 690 1845.
2495 620 2576 690 N.
2630 616 2749 714 14)
2801 621 3035 728 potuit
3089 621 3482 696 commode

519 759 740 834 etiam
788 762 863 834 in
905 760 1069 836 aliis
1113 756 1566 836 carminibus
1615 781 2236 847 commemorare,
2301 773 2373 831 et
2437 756 2751 833 dubium
2804 765 3110 837 omnino
3159 781 3309 856 est,
3387 723 3494 871 an.

518 904 623 976 sit·
657 927 753 980 ex
802 875 1127 979 carmine
1166 902 1421 1004 aliquo
1472 902 1818 1001 'petitum3
1902 925 2072 973 nam
2123 900 2647 979 Eratosthenes
2697 907 2913 979 etiam
2965 908 3041 980 in
3093 933 3479 1007 gramma-

518 1048 664 1121 tico
731 1047 984 1147 aliquo
1050 1071 1317 1147 opere,
1396 1043 2030 1145 quemadmodum
2100 1047 2175 1117 in
2236 1044 2455 1120 libris
2502 1052 2603 1120 de
2670 1050 2998 1145 antiqua
3063 1056 3478 1143 comoedia,

510 1190 787 1289 quibus
833 1194 1131 1290 saepius
1183 1214 1358 1265 usus
1408 1187 1519 1263 est
1567 1186 2021 1286 Hesychius,
2070 1187 2432 1263 adhibere
2484 1194 2739 1288 potuit.

703 1339 1005 1410 Restant
1053 1337 1382 1432 quinque
1431 1334 1863 1431 fragmentis
1913 1334 2215 1406 remotis
2267 1359 2537 1406 novem
2592 1334 2706 1409 vel
2746 1340 2992 1435 potius
3044 1307 3256 1428 octo,
3308 1363 3474 1412 cum

513 1476 749 1567 illud,
828 1472 1034 1577 quod
1099 1483 1440 1554 Osannus
1520 1476 1777 1550 ultimo
1859 1475 2029 1550 loco
2116 1479 2396 1575 posuit,
2481 1478 2577 1551 ad
2642 1477 3112 1552 Parthenium
3202 1481 3478 1556 referre

511 1620 733 1695 malit.
829 1626 1099 1698 Verum
1170 1647 1264 1696 ne
1332 1621 1516 1695 haec
1581 1620 1883 1720 quidem
1959 1624 2203 1694 omnia
2276 1620 2373 1694 ad
2427 1605 3206 1721 Erigonem,elegiam
3285 1650 3476 1724 per-

370 1781 379 1785 ’
504 1768 779 1857 tinent,
820 1747 954 1842 seii
1006 1792 1173 1841 cnm
1228 1781 1529 1858 constet,
1578 1764 1781 1863 quod
1838 1759 2177 1839 Osannus
2228 1791 2528 1865 qnoque
2582 1765 2761 1838 mihi
2814 1772 3202 1856 concessit,
3280 1774 3477 1842 Era-

509 1908 917 1984 tosthenem
972 1910 1166 1985 idem
1217 1926 1731 2010 argumentum
1785 1912 1859 1981 in
1911 1912 2282 1983 Mercurio
2339 1914 2807 2010 tractavisse,
2875 1910 3281 1984 videndum
3337 1929 3471 2003 est,

512 2079 605 2128 an
657 2057 846 2129 forte
896 2054 993 2128 ad
1046 2053 1232 2126 illud
1286 2075 1474 2149 opus
1526 2050 1891 2148 quaedam
1942 2051 2298 2148 reliquiae
2329 2055 2618 2125 rectius
2668 2080 2891 2151 quam
2948 2053 3042 2127 ad
3073 2059 3473 2153 Erigonem

506 2198 936 2271 referantur.
1032 2200 1127 2270 Et
1178 2199 1341 2293 ipse
1389 2199 1727 2268 Osannus
1777 2193 1954 2265 dicit
2004 2220 2076 2292 p.
2134 2197 2262 2267 14:
2351 2199 2491 2266 »In
2557 2194 2703 2268 hac
2768 2200 2976 2268 sedis
3040 2193 3273 2270 uiiius
3323 2227 3471 2272 cu—

500 2347 923 2438 juscunque
973 2340 1489 2435 ambiguitate
1512 2365 1636 2427 *ne
1685 2340 1875 2451 quid
1917 2335 2720 2431 praetermitteretur,
2782 2343 2984 2435 quod
3035 2346 3144 2414 ad
3195 2345 3473 2438 Erigo-

504 2511 684 2559 nam
726 2486 1124 2580 pertinere
1163 2486 1580 2578 potuisset,
1663 2480 1866 2554 hanc
1930 2484 2314 2554 rationem
2373 2484 2929 2556 instituendam
2980 2489 3297 2579 putavi,
3385 2502 3473 2562 ut

508 2631 667 2703 nisi
717 2653 918 2724 quae
963 2654 1018 2698 a
1067 2642 1309 2698 metro
1361 2629 1702 2720 elegiaco
1754 2630 2020 2699 aliena
2076 2642 2345 2719 essent,
2396 2643 2655 2699 cetera
2688 2631 2957 2700 omnia
2988 2632 3472 2723 fragmenta,

517 2801 716 2870 quae
767 2776 890 2846 vel
937 2788 1210 2868 aperte
1256 2775 1365 2844 ad
1414 2773 1833 2863 Erigonae·
1867 2772 2236 2864 fabulam
2278 2774 2403 2843 vel
2451 2776 2559 2842 ad
2608 2798 2734 2843 res
2783 2776 3216 2845 Bacchicas
3267 2801 3470 2869 spec·

510 2932 814 3000 tarent,
900 2919 1439 3013 complecterer
1492 2929 1724 3009 atque
1778 2916 2184 3008 Erigonae
2249 2917 2583 2988 carmini
2634 2899 3174 3009 adsignat-em,
3229 2917 3470 2990 *haud

508 3065 807 3135 nescius
849 3088 1073 3158 posse
1124 3064 1206 3132 in
1258 3063 1359 3131 iis
1414 3085 1593 3150 esse,
1644 3086 1840 3154 quae
1889 3061 2074 3131 olim
2126 3061 2220 3130 in'
2254 3061 2654 3132 Mercurio
2706 3061 2954 3132 locum
3006 3059 3468 3133 habuissent.

507 3210 642 3278 Ita
689 3222 777 3277 ut
805 3167 1206 3300 facerem,
1293 3230 1379 3294 eo
1414 3203 1908 3299 potissimum
1978 3208 2366 3279 adductus
2431 3229 2635 3295 sum,
2705 3208 2944 3298 quod,
3029 3230 3255 3299 quum
3320 3231 3466 3276 ar-

498 3364 945 3446 gumentum
973 3348 1309 3442 fabulae
1373 3349 1457 3417 in
1510 3349 1866 3443 Erigona
1920 3347 2159 3418 multo
2226 3348 2730 3443 explicatius,
2806 3372 3036 3442 quam
3103 3347 3185 3418 in
3232 3348 3466 3420 Mer-

512 3498 730 3568 curio
775 3497 1188 3605 manifesto
1238 3491 1666 3575 tractatum
1696 3494 2002 3587 fuerit,
2058 3494 2433 3584 majorem
2464 3494 3104 3586 fragmentorum
3144 3506 3461 3586 partem

507 3663 601 3713 ex
654 3637 795 3709 illo
833 3651 1188 3732 poemate
1222 3638 1513 3732 potius,
1563 3661 1791 3732 quam
1842 3661 1934 3706 ex
1981 3633 2120 3707 hoc
2169 3636 2463 3732 afferri
2487 3601 2973 3728 probabilius
3023 3605 3457 3711 videatur-‚a

501 3790 589 3857 At
660 3806 807 3856 non
873 3793 981 3854 est
1038 3772 1346 3878 rerum,
1426 3777 1634 3877 quod
1703 3778 1877 3852 dicit
1927 3784 2266 3853 Osannus
2314 3781 2712 3877 Erigonem
2778 3778 3106 3853 nobilius
3157 3803 3462 3852 carmen

509 3907 737 4026 quam
785 3924 1223 3998 Mercurium
1278 3918 1544 4005 fuisse3
1629 3920 1813 4021 quid
1867 3923 2074 4022 quod
2123 3923 2557 3997 scholiastae
2601 3924 3002 4012 Homerici,
3085 3947 3125 3995 a
3180 3921 3457 4020 quibus

508 4070 818 4172 profecti
880 4093 1171 4158 sumus,
1256 4089 1405 4140 non
1471 4065 1882 4140 secundum
1946 4069 2386 4167 Erigonem,
2466 4065 2598 4142 sed
2667 4065 3076 4141 secundum
3153 4070 3461 4139 Mercu-

505 4218 703 4291 rium
752 4211 1024 4286 famam
1078 4209 1172 4285 de
1213 4211 1444 4286 Icario
1496 4225 1569 4285 et
1613 4212 1937 4311 Erigone
1987 4229 2372 4297 enarrant,
2453 4208 2659 4311 quod
2713 4209 2830 4291 vel
2879 4214 3214 4283 Osannus
3264 4231 3462 4283 con-
