4125 5242
766 698 1399 802 quemadmodum
1478 711 1885 802 Γεραίστια.
1997 710 2430 804 Ἐλευσίνια,
2518 709 2834 806 Ἴσθμια,
2901 704 3044 779 aliu
3129 729 3171 779 a
3255 705 3442 784 locis
3515 706 3713 794 dicta

759 863 949 938 sunt,
996 858 1507 946 autonpa'oev
1555 843 2118 942 corrigendum,
2165 844 2800 943 quemadmodum
2842 849 3218 939 Πάνιὼνια.
3261 863 3712 950 Παναθὴναια

756 990 904 1083 (vel
943 999 1302 1087 ’Δθῆνωο
1349 989 1491 1063 alia
1544 987 1910 1079 dicuntur,
1958 991 2310 1086 quoniam
2363 1015 2762 1096 commune
2805 996 3284 1085 Locrensium
3331 993 3521 1068 hanc
3567 1020 3716 1070 so-

758 1135 1181 1208 lennitatem
1214 1132 1661 1206 celebrabat.
1724 1133 1854 1207 Illa
1895 1137 2057 1233 ipsa
2108 1150 2350 1210 autem
2402 1122 2827 1228 solennitas,
2869 1141 3026 1211 sive
3064 1150 3211 1217 Ῥῖα
3270 1139 3426 1211 sive
3463 1149 3714 1239 Λόκρια

756 1283 1197 1369 vocabatur,
1267 1303 1414 1351 non
1466 1294 1620 1352 erat
1668 1285 1744 1350 in
1793 1278 2067 1352 Bacchi
2117 1276 2479 1353 honorem
2527 1279 2884 1370 instituta,
2932 1280 3068 1360 sed
3117 1285 3434 1382 Neptuni
3482 1283 3716 1381 gratia

755 1421 1307 1514 celebrabam-3
1344 1420 1417 1495 id
1440 1420 1647 1521 quod
1667 1419 2057 1496 confirmat
2075 1427 2492 1514 Pausanias»,
2524 1445 2693 1497 cum
2717 1423 2928 1499 dicit:
2961 1429 3208 1506 οὖτόθι
3227 1439 3717 1513 εἰς-Ποσειδῶνα

757 1581 1163 1666 ἀσεβήσασιν
1227 1578 1488 1657 ἐγένετο
1547 1583 1653 1669 τῆ
1692 1576 2066 1667 Μολυκρίᾳ
2127 1581 2355 1668 σφίσιν
2404 1580 2441 1668 ἢ
2490 1580 2660 1672 δίκη.
2763 1571 3062 1643 Etenim·
3118 1569 3507 1677 solennitas
3563 1568 3713 1662 illa,

758 1729 835 1785 ut
880 1739 1039 1786 mos
1091 1729 1285 1802 erat,
1335 1735 1469 1810 per
1519 1687 1941 1809 complures
1992 1708 2150 1783 dies
2185 1714 2790 1809 continuabatur3
2839 1718 2992 1815 jam
3046 1739 3213 1788 cum
3268 1715 3413 1788 sub
3467 1715 3710 1813 ipsum

755 1857 1039 1931 initium
1101 1836 1336 1954 hujus
1401 1857 1858 1929 solennitatis
1927 1859 2369 1952 Ganyctoris
2448 1856 2891 1960 filiiprope
2959 1865 3256 1934 Oenoen
3314 1858 3409 1934 ad
3462 1860 3712 1932 Nemei

752 2003 952 2075 Jovis
983 2000 1238 2074 fanum
1272 1999 2246 2091 interemissentHesiodum,
2292 2004 2507 2100 cujus
2543 2028 2816 2103 corpus
2857 2007 3068 2078 tertio
3102 2004 3222 2077 die
3256 2003 3706 2104 postRhium

753 2161 862 2218 est
914 2143 1277 2233 delatum,
1354 2144 1458 2217 illi
1508 2141 1656 2219 hoc
1704 2148 1871 2243 ipso
1939 2143 2267 2218 facinore
2320 2172 2472 2221 non
2526 2147 2767 2222 solum
2817 2165 3146 2223 sanctum
3199 2147 3707 2247 hospitalitatis

750 2293 873 2389 jus
923 2289 1416 2376 violaverant,
1465 2314 1723 2361 verum
1775 2292 1990 2361 etiam
2040 2291 2371 2364 Deorum
2423 2291 2858 2392 religionem
2917 2305 3489 2388 contemserant3
3539 2319 3704 2366 nam

751 2460 888 2531 per
939 2459 1159 2508 omne
1227 2429 1414 2505 illud
1477 2447 1808 2531 tempus,
1888 2457 2041 2528 quo
2093 2435 2501 2511 Locrenses
2551 2441 2872 2536 Neptuni
2938 2463 3144 2535 sacra
3212 2436 3708 2530 celebrabant,

751 2575 1129 2652 debebant
1179 2574 1277 2647 ab
1331 2577 1532 2646 omni
1581 2579 1654 2648 vi
1709 2591 1781 2648 et
1830 2578 2052 2649 armis
2103 2576 2490 2653 abstinere.
2591 2583 2776 2656 Satis
2828 2576 3072 2655 autem
3125 2587 3496 2681 superque
3542 2585 3707 2681 ipse
3809 2613 3822 2621 ·

754 2720 938 2795 deus
988 2719 1450 2813 ostenderat,
1520 2718 1808 2793 facinus
1873 2717 2019 2795 hoc
2082 2720 2538 2819 puniendum
2609 2745 2814 2816 esse,
2887 2750 3061 2800 nam
3123 2724 3498 2826 delphini,
3584 2724 3705 2798 dei

750 2866 945 2941 illius
993 2867 1346 2952 ministri,
1440 2863 1853 2938 detulerant
1922 2892 2199 2965 corpus
2261 2867 2622 2941 interfecti
2669 2868 2974 2944 Hesiodi
3041 2867 3135 2944 ad
3197 2843 3406 2944 illum
3464 2873 3702 2971 ipsum

750 3011 1019 3100 locum,
1070 3013 1145 3081 in
1203 3035 1356 3107 quo
1405 3013 1724 3108 Neptuni
1783 3028 1937 3083 erat
1985 3011 2241 3084 fanum
2293 3015 2856 3101 sanctissimum,
2906 3013 3037 3092 ubi
3084 3010 3489 3093 Locrenses
3533 3002 3706 3088 tunc

748 3156 972 3231 festos
1023 3134 1589 3251 dies'agebant3
1639 3153 1814 3228 hinc
1863 3158 2086 3253 igitur
2128 3155 2345 3229 facile
2394 3173 2727 3258 apparet,
2775 3184 2906 3232 cur
2936 3162 3350 3254 Pausanias,
3402 3162 3531 3260 qui
3577 3158 3703 3232 hic

658 3362 667 3371 .
749 3325 1053 3401 quoque
1102 3297 1666 3372 Eratosthenem
1718 3302 2181 3398 potissimum
2232 3304 2588 3398 sequitur,
2637 3300 2854 3395 dicat,
2903 3307 3344 3406 Ganyctoris
3387 3302 3578 3378 filios
3619 3307 3704 3376 in

666 3421 675 3432 ⁸
744 3451 1163 3546 Neptunum
1217 3445 1677 3541 peccavisse,
1743 3461 1816 3515 et
1868 3469 2001 3516 cur
2039 3447 2449 3520 Locrenses
2497 3446 2875 3548 publicam
2930 3446 3326 3523 vindictam
3378 3445 3469 3521 de
3517 3473 3700 3521 cae—

708 3590 863 3663 “dis
942 3588 1369 3662 auctoribus
1437 3586 1871 3660 sumendam
1958 3614 2117 3676 esse
2204 3590 2700 3696 judicaverint
2734 3596 2826 3684 ⁸).
2925 3596 3320 3689 Templum
3386 3596 3698 3692 Neptuni

751 3733 950 3831 apud
1002 3734 1184 3808 illud
1238 3697 1829 3831 promontorium
1879 3752 2412 3834 commemorat
2463 3740 2680 3811 etiam
2733 3733 3072 3834 Thucyd.
3119 3743 3200 3812 11.
3248 3737 3388 3817 84:
3443 3751 3513 3827 ἐς
3551 3757 3697 3828 Mo-

883 4162 944 4227 0)
983 4157 1158 4211 Forte
1192 4156 1419 4210 fortuna
1451 4162 1640 4212 autem
1664 4196 1681 4223 ,
1718 4153 1946 4212 nt'sseri
1976 4159 2168 4224 nolet,
2217 4157 2459 4227 accidit,
2509 4167 2575 4215 ut
2609 4160 2667 4216 in
2701 4160 2935 4216 eundem
2967 4160 3133 4215 illum
3164 4161 3353 4216 locum
3383 4177 3449 4215 ue
3479 4161 3694 4216 eonfer-

749 4260 879 4308 *011*
914 4247 1255 4321 Gfflycflffl‘
1288 4247 1395 4300 flm
1416 4287 1432 4313 ν
1464 4256 1534 4304 ¹¹²
1566 4249 1720 4305 0⁸⁰3*
1756 4265 1981 4322 ¹1⁰⁰⁴1ue
2016 4247 2402 4320 adello-inus,
2439 4252 2537 4323 qui
2570 4254 2787 4311 fucinus
2822 4252 3113 4321 indicavit,
3149 4254 3313 4324 quani
3345 4254 3499 4311 hund
3527 4253 3693 4326 ignu-

748 4363 845 4401 m·
877 4342 1083 4409 futuri,
1125 4341 1320 4395 eodem
1358 4340 1484 4394 iret.
