4125 5242
2049 433 2198 521 18

575 716 582 724 ·
652 692 783 758 τῶν
831 686 1054 755 καλῶν
1098 682 1561 754 ἐπικυλικείων
1593 678 1841 765 ’λόγων
1883 677 2329 772 μεταδοῦνᾳι,
2407 672 2557 767 τρὶς
2600 676 2651 742 δ’
2695 676 2906 763 ἂπομ.
2953 683 3027 745 ,9.
3074 676 3129 744 δ.
3176 678 3243 758 ἂ,
3322 676 3418 752 ὥς
3471 659 3606 751 wod

656 821 883 907 φησιν’
920 814 954 883 ὁ
1001 814 1382 903 Κυρηναῖος
1434 808 1757 899 ποιητής,
1828 805 1868 898 ἢ
1923 785 2081 895 τεῖρ’
2124 802 2351 874 ἄλλου
2395 804 2582 880 τινὸς
2622 804 2802 894 ἡμᾶς
2853 804 3451 876 ἀναπυνθάνεσθαι
3493 808 3608 877 δεῖ.

653 955 875 1023 Recte
925 949 1230 1045 opinor,
1291 943 1635 1018 homines
1678 941 1879 1015 docti
1930 940 2117 1013 haec
2162 935 2665 1019 Eratostheni,
2707 1043 2716 1048 .
2766 962 2917 1011 non
2971 938 3430 1014 Callimacho
3471 944 3618 1014 tri-

657 1096 934 1182 bunut,
1016 1115 1189 1163 nam
1239 1091 1348 1163 sic
1394 1087 1586 1160 infra
1650 1110 1954 1184 quoque
2006 1081 2427 1157 Athenaeus
2473 1085 2560 1154 11.
2608 1106 2682 1178 p.
2732 1083 2865 1172 36,
2912 1086 2995 1155 Ε.
3053 1064 3614 1158 Eratosthenem
3711 1185 3716 1194 ,

657 1251 872 1312 vocat
928 1237 1406 1330 Cyrenaeum
1439 1225 1793 1327 poetam.
1879 1234 1971 1301 At
2020 1223 2439 1325 quaeritur,
2511 1224 2694 1323 quid
2747 1226 2891 1299 sibi
2944 1226 3118 1299 velit
3169 1227 3289 1299 ille
3339 1253 3617 1303 versus.
3705 1279 3714 1288 ·

656 1391 988 1478 Apparet
1076 1386 1659 1476 ἂπόμαξαμένοισι
1751 1383 1961 1463 (nam
2061 1370 2267 1470 quod
2389 1374 2463 1443 in
2579 1393 2749 1444 uno·
2831 1371 3088 1444 codice
3187 1388 3295 1445 est
3339 1415 3344 1421 ’
3381 1384 3620 1453 ἂποδε·
3663 1479 3676 1484 κ

662 1535 1022 1623 ξαμέυοισι,
1137 1517 1624 1618 rejiciendum
1758 1516 2090 1611 omnino)
2217 1514 2400 1589 nihil
2524 1512 2727 1588 aliud
2853 1512 3275 1617 significare
3375 1541 3619 1614 posse,

664 1655 888 1768 quam
954 1671 1113 1757 ἰίε,
1189 1670 1318 1762 qui
1401 1680 1523 1737 ter
1606 1689 1686 1736 se
1742 1663 2305 1757 purgaverint,
2407 1664 2589 1734 deos
2638 1662 3029 1757 propitios
3109 1686 3311 1745 esse,
3418 1649 3622 1757 quod

661 1812 758 1887 ad
807 1812 1187 1911 proverbii
1240 1810 1503 1882 veteris
1552 1807 1874 1905 speciem
1927 1806 2262 1903 proxime
2330 1803 2635 1877 accedit.
2738 1811 2833 1876 At
2882 1805 3402 1881 Eratosthenes
3468 1830 3621 1883 non

664 1960 727 2031 is
779 1973 945 2043 est,
995 1957 1124 2053 qui
1187 1971 1567 2050 tanquam
1589 1954 1905 2024 Boeotus
1953 1950 2223 2047 aliquis
2292 1962 2506 2046 poeta
2569 1948 2923 2022 tralaticia
2971 1948 3341 2047 quaedam
3392 1974 3625 2048 prae-

670 2118 882 2198 cepta
954 2099 1049 2172 ad
1117 2101 1337 2172 vitam
1396 2097 1585 2170 bene
1633 2095 2000 2193 beateque
2067 2093 2433 2193 agendam
2487 2097 3019 2193 composuerit,
3111 2119 3364 2169 verum
3430 2120 3627 2169 con-

669 2261 1095 2320 sentaneum
1148 2259 1278 2331 est,
1325 2267 1494 2314 eum
1547 2239 1695 2312 hoc
1748 2213 2150 2336 proverbio
2202 2264 2412 2311 usum
2464 2261 2647 2329 esse,
2694 2251 2776 2310 ut
2825 2237 3030 2311 aliud
3086 2237 3272 2337 quid
3321 2239 3626 2314 subtili-

669 2405 780 2461 ter
832 2403 1134 2461 notaret.
1233 2390 1398 2484 Ipse
1470 2398 1713 2456 autem
1762 2378 2122 2455 Athenaei
2167 2379 2379 2455 locus
2428 2382 2685 2471 docet,
2775 2386 2852 2455 in
2901 2408 3126 2481 quam
3189 2387 3624 2457 sententiam

673 2558 929 2607 versus
980 2530 1218 2603 dictus
1281 2531 1396 2604 sit.
1494 2531 1681 2600 Nam
1717 2502 2139 2599 Athenaeus
2200 2550 2291 2602 eo
2359 2525 2645 2599 consilii
2706 2525 3088 2620 adhibuit,
3167 2543 3248 2601 ut
3311 2525 3628 2601 diceret:

677 2675 829 2748 noli
882 2674 1098 2746 nobis
1149 2637 1568 2770 petentibus
1617 2668 1895 2754 deesse,
1946 2667 2083 2744 sed
2133 2668 2341 2765 quod
2390 2669 2552 2744 aliis
2603 2673 2761 2768 jam
2813 2657 3238 2770 exposuisti,
3283 2671 3362 2745 id
3412 2658 3629 2749 nobis
3711 2673 3712 2678 ’

677 2843 979 2919 quoque
997 2819 1211 2890 iteres
1231 2842 1251 2907 ς
1298 2817 1547 2915 itaque
1570 2829 2142 2890 consentaneum
2163 2831 2293 2907 est,
2324 2813 2886 2890 Eratosthenem
2908 2842 3211 2918 quoque
3230 2816 3378 2895 hoc
3412 2844 3631 2895 versu

679 2988 893 3036 usum
947 2985 1151 3050 esse,
1232 2985 1400 3034 cum
1455 2977 1867 3052 excusaret,
1943 2957 2151 3058 quod
2211 2960 2331 3033 bis
2384 2975 2587 3033 terve
2651 2960 2938 3059 aliquid
2985 2977 3368 3064 repeteret.
3463 2967 3626 3038 Jam

679 3133 857 3180 vero
921 3107 1042 3178 vix
1107 3104 1466 3204 aptiorem
1539 3104 1789 3178 locum
1852 3106 2179 3204 reperies
2242 3101 2422 3178 huic
2486 3109 2768 3197 versui,
2854 3130 3082 3207 quam
3164 3113 3630 3208 prooemium

676 3229 1079 3350 Erigones,
1160 3251 1236 3322 in
1287 3274 1440 3347 quo
1489 3263 1706 3347 poeta
1763 3272 1965 3324 more
1989 3246 2677 3323 ‘Alexandrinorum
2727 3231 2934 3325 hand
2980 3248 3211 3328 dubie
3262 3254 3629 3352 quaedam

680 3395 1054 3495 praefatus
1120 3408 1230 3468 est
1294 3392 1390 3465 de
1441 3417 1579 3488 suo
1626 3396 1975 3494 institut0.
2075 3396 2212 3467 Hie
2272 3396 2531 3495 igitur,
2614 3397 2721 3483 si,
2767 3411 2972 3486 recte
3016 3399 3341 3497 conjeci,
3418 3414 3632 3474 autea

682 3543 1124 3640 Mercurium
1166 3537 1519 3648 edidisse,
1558 3540 1633 3610 in
1671 3563 1822 3636 quo
1855 3540 2065 3611 Icarii
2098 3554 2169 3612 et
2196 3540 2559 3639 Erigones
2612 3539 2844 3614 fatum
2894 3544 3254 3639 exposuit,
3299 3541 3636 3642 profecto

685 3682 943 3794 debuit
988 3659 1344 3790 rationem
1397 3680 1748 3773 reddere,
1812 3705 1948 3758 cur
1995 3685 2160 3781 jam·
2201 3669 2451 3758 denuo
2500 3682 2695 3759 hanc
2743 3687 3121 3759 materiam
3174 3684 3628 3776 tractandam

685 3827 832 3899 sibi
879 3843 1231 3917 sumeret,
1292 3842 1639 3926 recteque
1693 3825 1911 3918 dixit,
1975 3829 2115 3918 iis,
2162 3830 2294 3924 qui
2343 3844 2462 3926 ter
2497 3811 2594 3902 ‘se
2630 3808 3188 3926 purgaverint,
3251 3847 3339 3924 ut
3388 3848 3501 3907 eat
3547 3835 3633 3905 in

683 3968 1092 4065 proverbio
1117 4022 1136 4059 ,
1185 3974 1365 4042 deos
1406 3974 1705 4066 favere.
1806 3981 1997 4069 Apte
2044 3987 2290 4046 autem
2340 3970 2491 4047 hoc
2537 3973 2827 4071 ip'sumt

1107 4109 1276 4197 Τρὶς
1319 4108 1371 4174 δ’
1418 4107 2000 4200 ἀπομαξαμένοισι
2038 4110 2188 4183 θεοὶ
2230 4113 2516 4183 διδόασιν
2561 4138 2827 4202 αμεινον

692 4229 1053 4316 adhibere
1104 4242 1342 4339 potuit
1392 4240 1487 4314 de
1538 4246 1768 4341 poesi,
1817 4243 2430 4343 quandoquidem
2471 4257 2992 4347 ἂπομὰσσεσθαι
3033 4263 3144 4322 est
3187 4251 3409 4324 etiam
3455 4239 3638 4323 imi-'

697 4353 922 4461 tando
974 4384 1255 4485 aliquid
1303 4383 1622 4484 fingere,
1673 4389 1776 4460 uti
1825 4385 2324 4465 Callimachus
2377 4387 2554 4463 dixit
2603 4391 2678 4464 in
2729 4394 2866 4492 Ep.
2916 4393 3191 4468 XXVI·

2349 4599 2382 4618 χ
