4125 5242
2127 422 2197 508 8

681 680 990 757 morbus
1051 680 1420 760 immissus
1469 689 1575 752 est
1628 670 1836 766 talis,
1907 686 1987 744 ut
2049 693 2309 745 eorum
2361 670 2686 770 virgines
2735 671 2989 750 surore
3042 659 3370 775 quodam
3420 704 3642 754 com-

678 826 1130 927 pellerentur
1179 821 1275 896 ad
1324 821 1710 919 laqueum,
1794 782 2330 916 responditdue
2394 814 2774 891 oraculum
2839 818 3081 895 sedari
3132 825 3351 922 poss’e
3400 826 3640 924 pesti-

677 970 985 1045 lentiam
1041 965 1286 1057 illam,
1367 967 1431 1039 si
1494 965 1856 1061 Erigones
1904 975 1976 1033 et
2040 961 2256 1032 Icarii
2325 958 2685 1036 cadavera
2747 963 3466 1064 perquirerentur.«‘
3543 971 3640 1046 Et,

676 1118 906 1214 plane
972 1106 1534 1186 eodemmodo
1600 1108 1934 1205 Hyginus
1999 1105 2188 1181 Astr.
2252 1106 2335 1176 11.
2399 1102 2488 1177 4:
2569 1110 2907 1181 »Interim
2976 1134 3143 1183 cum
3211 1113 3287 1184 in
3358 1107 3674 1204 finibus,

675 1256 1231 1332 Atheniensium
1284 1218 1554 1327 multae
1604 1252 1926 1351 virgines
1974 1251 2132 1323 sine
2183 1272 2396 1321 causa
2448 1231 2854 1348 suspendio
2904 1253 3046 1327 sibi
3100 1272 3407 1329 mortem
3459 1281 3634 1331 con-

659 1396 1113 1489 sciscerent,
1175 1394 1383 1497 quod
1434 1398 1760 1495 Erigone
1813 1394 2138 1486 moriens
2188 1407 2343 1464 erat
2393 1409 2733 1490 precata,
2805 1411 2883 1469 ut
2931 1397 3195 1471 eodem
3242 1395 3392 1473 leto
3441 1397 3641 1490 filiae

677 1541 1236 1625 Atheniensium
1286 1539 1787 1627 afficerentur,
1852 1562 2006 1636 quo
2055 1538 2218 1635 ipsa
2269 1553 2425 1610 erat
2477 1537 2806 1631 obitura,
2881 1542 3022 1614 nisi
3068 1523 3278 1615 I‘carii
3330 1558 3638 1617 mortem

681 1687 1055 1786 persecuti
1105 1701 1176 1758 et
1228 1710 1398 1757 eum
1447 1682 1692 1755 forent
1741 1681 1937 1754 ulti.«
2010 1686 2102 1753 At
2155 1680 2383 1754 fuisse
2433 1682 2651 1754 etiam
2704 1682 2921 1757 aliam
2973 1663 3247 1759 famam
3300 1685 3397 1759 de
3437 1675 3640 1787 turpi

684 1795 978 1919 morbo,
1012 1856 1165 1930 quo
1186 1828 1416 1903 affecti
1439 1830 1582 1900 sint
1608 1824 2085 1899 Athenienses
2110 1807 2413 1924 propter
2433 1828 2641 1899 [carii
2662 1825 2989 1920 eaedem,
3012 1828 3229 1903 docet
3253 1829 3644 1908 Scholiast.

680 1978 992 2049 Luciani
1029 1963 1543 2047 Concil.Deor.
1580 1995 1639 2043 c.
1674 1976 1717 2044 5
1752 1974 1834 2041 T.
1854 1971 1968 2040 lv,
2005 1994 2076 2064 p.
2115 1970 2253 2041 261
2293 1969 2410 2040 ed.
2442 1973 2594 2042 Jac.
2621 1973 2875 2067 Itaque
2908 1998 3084 2043 sane
3118 1976 3332 2046 etiam
3370 1980 3644 2049 Erato-

684 2120 979 2194 sthenes
1018 2121 1094 2189 in
1113 2116 1482 2189 Mercurio
1512 2111 1804 2186 videtur
1836 2114 2241 2184 memoriae
2269 2111 2713 2209 prodidisse,
2747 2139 3213 2213 gangraenae
3251 2117 3518 2192 morbo
3535 2119 3644 2191 af-

682 2238 912 2337 fectos
929 2260 1413 2336 Athenienses
1444 2273 1512 2329 et
1546 2280 1785 2353 prope
1817 2253 1912 2327 ad
1951 2256 2311 2326 insaniam
2336 2252 2638 2329 adactos
2663 2281 2844 2347 esse,
2891 2283 3057 2330 nam
3092 2257 3278 2334 haec
3317 2281 3640 2360 quoque,

606 2375 620 2383 ‚
684 2407 814 2480 ubi
864 2409 926 2479 is
978 2404 1280 2477 morbus
1317 2399 1669 2473 adauctus
1722 2415 1869 2488 est,
1925 2367 2285 2496 subsfflui
2324 2377 2634 2492 solebat,
2686 2417 2765 2472 ut
2804 2400 3020 2474 docet
3057 2403 3351 2476 Celsus:
3405 2410 3642 2477 »Inter

687 2550 877 2623 haee
926 2533 1197 2621 deinde
1255 2544 1486 2617 febris
1536 2558 1749 2616 acuta
1817 2544 2049 2615 oritur
2113 2545 2531 2639 ingensque
2595 2547 2790 2619 sitis:
2891 2545 3352 2642 quibusdam
3416 2553 3640 2622 etiam

687 2673 1030 2766 delirium
1085 2687 1410 2780 accedit;
1463 2688 1590 2760 alii
1641 2690 1988 2785 quamvis
2041 2689 2305 2760 mentis
2355 2689 2513 2767 siut,
2535 2705 2933 2787 compotes,
2982 2689 3470 2769 balbutiendo
3521 2696 3640 2767 vix
3761 2769 3768 2774 ,

685 2861 947 2912 sensus
997 2859 1172 2908 suos
1223 2831 1627 2929 explicant:
1676 2833 1934 2929 incipit
1985 2830 2176 2904 affici
2226 2830 2695 2919 stomachus,
2746 2830 2829 2906 fit
2879 2832 3083 2908 foedi
3132 2839 3433 2935 spiritus
3480 2841 3644 2938 ipse

686 2939 1003 3055 odax-5³2«
1106 2981 1200 3050 Et
1266 2974 1362 3048 de
1426 2978 1759 3074 corporis
1828 2977 2084 3075 aliquo
2151 2974 2419 3049 morbo
2479 2973 3042 3050 Eratosthenem
3128 2980 3207 3053 in
3269 2985 3634 3056 Mercurio

688 3124 1008 3215 dixisse,
1090 3120 1204 3196 vel
1269 3118 1348 3193 id
1417 3117 1708 3194 videtur
1785 3119 2147 3211 indicare,
2253 3118 2484 3220 quod·
2530 3121 2639 3194 sic
2700 3120 3129 3221 simpliciter
3191 3124 3638 3200 scholiastae

686 3268 1060 3343 Homerici
1111 3263 1401 3338 dicunt:
1468 3274 1671 3344 νόσου
1716 3275 1789 3343 δὲ
1846 3273 1908 3342 ἐν
1948 3273 2269 3360 Ἀθήναις
2326 3274 2704 3364 γενομένης.
2780 3267 3056 3339 Verum
3111 3293 3261 3342 non
3312 3270 3680 3345 arbitror-

686 3415 765 3484 in
814 3415 1141 3509 Erigone
1195 3424 1491 3507 poetam
1558 3433 1733 3480 rem·
1768 3406 2030 3482 eodem
2088 3406 2315 3482 modo
2359 3379 2869 3506 explicuisse,
2942 3411 3114 3484 nam
3181 3438 3346 3485 cum
3415 3413 3634 3488 foeda

690 3553 888 3628 illius
951 3524 1198 3627 morbi
1261 3553 1547 3660 species
1614 3551 1708 3625 ab
1778 3552 2170 3649 elegantia'
2204 3553 2495 3651 poesis,
2577 3576 2808 3649 quam
2874 3555 2949 3625 in
3013 3557 3336 3653 Erigone
3401 3556 3631 3656 elegia

693 3712 1008 3772 sectatus
1059 3712 1168 3771 est
1201 3693 1750 3788 Eratosthenes,
1790 3693 2194 3769 abhorrere
2238 3693 2632 3789 videretur,
2674 3721 2853 3772 sane
2902 3696 3100 3772 illius
3142 3703 3485 3775 carminis
3529 3704 3635 3773 in-

691 3844 940 3917 stituto
990 3839 1223 3953 multo
1273 3836 1533 3913 melius
1598 3839 2084 3915 conveniebat
2135 3839 2359 3913 altera
2410 3842 2644 3933 fama,
2732 3865 2925 3940 quae
2974 3858 3083 3918 est
3135 3842 3348 3950 *apud
3393 3848 3636 3945 Hygi-

692 4010 869 4059 num
922 4000 993 4056 et
1041 3983 1410 4073 Servium,
1500 3985 1820 4081 virgines
1870 3986 2140 4058 Atticas
2192 3973 2471 4058 insania
2538 3983 2864 4084 quadam
2929 3949 3307 4085 correptas
3352 3988 3633 4064 'volun-

693 4143 908 4200 tatem
965 4121 1357 4199 obeundae
1405 4129 1660 4198 mortis
1710 4129 2028 4226 cepisse3
2098 4153 2338 4227 eoque
2388 4131 2631 4225 aptior
2682 4147 2837 4204 erat
2888 4128 3072 4204 haec
3121 4130 3360 4224 fama,
3429 4158 3630 4233 quo-

696 4273 888 4346 niam
958 4272 1065 4344 sic
1126 4266 1331 4342 licuit
1399 4284 1659 4368 poetae
1729 4295 1821 4345 ex
1888 4271 2093 4348 more
2175 4273 2371 4349 illius
2445 4275 2717 4351 saeculi
2795 4275 3117 4373 origines
3179 4275 3630 4352 solennitatis
