4125 5242
2081 424 2149 517 ὅ

634 684 985 760 contendi
1047 700 1340 785 poetam
1410 681 1723 761 eandem
1798 679 2133 755 fabulam
2197 683 2275 754 in
2339 684 2713 756 Mercurio
2776 649 3326 782 perstrinxisse,
3407 681 3636 761 con·-v

633 834 935 930 jecique
988 847 1240 930 postea
1292 829 1620 916 demum,
1673 798 2394 926 quoniam‘materia
2445 832 2621 900 satis
2671 828 2878 927 larga
2930 833 3263 930 satisque
3295 844 3602 907 venusta

634 979 787 1055 visa
856 991 1050 1066 erat,
1140 973 1339 1047 idem
1406 988 1923 1079 argumentum
1989 966 2349 1069 singulari
2419 976 2745 1056 camnine
2813 973 3050 1049 fusius
3123 994 3597 1075 persecutum

632 1144 811 1195 esse.
908 1121 1068 1193 Alia
1118 1116 1485 1217 quaedam
1536 1116 1633 1190 de
1682 1119 2008 1218 Erigone
2057 1114 2208 1190 dixi
2258 1119 2336 1191 in
2402 1122 3102 1193 commentationum
3156 1123 3590 1194 Criticarum

631 1264 989 1338 Particula
1058 1269 1139 1337 11.
1209 1290 1284 1361 p.
1334 1240 1417 1336 V.
1516 1265 1787 1335 Denuo
1860 1265 2289 1361 nuperrime
2372 1267 2448 1335 in
2511 1263 2656 1337 hoc
2738 1281 3212 1365 argumento
3267 1281 3595 1381 versatus

633 1427 741 1483 est
790 1416 848 1484 F
854 1407 1045 1482 ried
1079 1414 1417 1482 Osannus
1486 1405 1618 1498 (de
1666 1404 2174 1500 Eratosthenis
2224 1412 2582 1508 Erigona,
2662 1412 2985 1481 carmine
3035 1408 3387 1508 Eiegiaco
3459 1436 3600 1485 scr.

630 1561 751 1629 Fr.
805 1561 1074 1628 Osann.
1126 1555 1518 1651 Gottingae
1577 1551 1836 1645 1846„
1908 1568 1982 1624 at
2051 1577 2145 1625 ne
2199 1551 2318 1625 bic
2369 1553 2671 1650 quidem
2725 1556 2838 1627 vir
2887 1552 3358 1628 doctissimus
3423 1558 3600 1630 satis

635 1703 825 1774 eavit
874 1700 972 1773 ab
1014 1697 1423 1787 erroribus,
1470 1698 1716 1794 itaque
1766 1709 2055 1795 operae‘
2096 1696 2353 1771 videor
2399 1703 2717 1795 pretium
2773 1702 3119 1790 tacturus,
3172 1703 3232 1771 si
3284 1698 3597 1776 eandem
3640 1754 3648 1759 -

637 1843 829 1917 banc
877 1844 1380 1942 quaestionem
1434 1828 1715 1913 iterum
1758 1841 1902 1913 sub
1953 1843 2269 1916 examen
2335 1869 2720 1918 vocavero.
2790 1844 2979 1917 Nolo
3033 1861 3277 1917 autem
3330 1849 3603 1936 omnia,

636 2016 829 2087 quae
865 2002 1400 2069 commentatus
1450 2002 1554 2058 est
1588 1978 1949 2070 Osnnnm,
2001 1975 2681 2080 perscrutari,‘nam
2737 1987 2866 2060 odi
2912 1989 3343 2086 improbum
3400 1990 3602 2063 hunc

635 2103 1079 2210 adversandi
1129 2131 1485 2217 laborem,
1538 2126 1669 2200 sed
1748 2128 2130 2224 potissima
2196 2145 2475 2217 tantum
2525 2092 2821 2228 ¹eligam.

830 2285 1168 2352 Osannus
1217 2290 1456 2347 autem
1503 2271 1658 2344 fere
1700 2268 1901 2345 idem
1951 2277 2203 2347 statuit
2236 2274 2348 2351 ‚de
2392 2274 2867 2362 necessitate,
2944 2252 3140 2372 quae
3189 2274 3599 2351 intercedat

634 2431 826 2499 inter
872 2410 1318 2497 Mercurium
1373 2434 1443 2491 et
1492 2419 1937 2515 Erigonem,
2024 2417 2233 2516 quod
2286 2444 2427 2518 ego
2494 2419 2667 2493 olim
2724 2423 3118 2519 proposui,
3204 2424 3343 2495 nisi
3391 2422 3598 2520 quod

639 2584 886 2646 censet
932 2569 1331 2666 Erigonem
1384 2568 1587 2661 prius
1635 2565 1983 2662 scriptam
2036 2589 2235 2655 esse3
2287 2564 2463 2638 dicit
2513 2569 2705 2637 enim
2757 2592 2828 2663 p.
2875 2565 2965 2639 4:
3046 2568 3324 2657 „Quod
3370 2570 3601 2639 deni-—

639 2742 782 2815 que
842 2700 1067 2808 ponit
1134 2706 1731 2804 Bernhardyus,
1818 2735 2050 2805 quum
2104 2711 2506 2803 Erigonae
2571 2687 2912 2783 historia
2990 2713 3395 2785 Mercurio
3463 2715 3599 2783 in·-

639 2834 796 2935 seri
850 2855 1270 2944 debuisset,
1360 2855 1492 2927 vix
1514 2853 1706 2948 fieri
1753 2858 2140 2949 potuisse,
2205 2869 2292 2927 ut
2343 2860 2668 2928 eandem
2733 2857 3134 2929 itentidem
3180 2883 3344 2928 rem
3394 2859 3597 2929 idem

637 3019 1128 3080 tractaturus
1181 3001 1515 3096 suisset,
1603 3001 1690 3072 id
1751 3001 2046 3073 nullius
2117 3002 2425 3072 omnino
2487 3003 2798 3103 videtur
2866 3004 3269 3092 momenti,
3369 3027 3600 3098 quum
3659 3003 3663 3006 ⁴

642 3152 842 3225 sumi
878 3148 1135 3244 poscit
1189 3145 1518 3240 elegiam
1569 3146 1667 3216 de
1716 3146 2079 3240 Erigona
2115 3148 2347 3241 prius
2393 3171 2622 3243 quam
2670 3147 3158 3218 Mercurium
3225 3124 3601 3242 scriptam

643 3321 839 3378 esse,
945 3277 1342 3387 Erigonae
1377 3316 1593 3365 ‘vero
1657 3314 1788 3363 ree
1854 3292 1940 3362 in
1999 3291 2442 3372 Mercurio,
2539 3293 2717 3386 ipsa
2779 3292 3082 3363 ratione
3158 3291 3602 3385 argumenti

629 3441 1123 3536 postulante,
1201 3462 1431 3533 quam
1460 3438 1463 3445 ⁴
1493 3435 1968 3508 brevissimis
2013 3436 2269 3509 verbio
2332 3418 2971 3508 commemoratas
3020 3436 3251 3509 esse.“
3329 3430 3602 3511 ‚Irritus

644 3584 866 3657 fuerit
917 3579 1170 3671 labor,
1218 3583 1281 3655 si
1330 3583 1502 3680 quis
1550 3578 1648 3652 de
1696 3579 1838 3654 hac
1885 3604 1966 3653 re
2018 3579 2416 3678 disceptari
2445 3580 2674 3673 x‘velih
2741 3596 2985 3651 utrum
3038 3603 3341 3663 carmen
3398 3582 3605 3679 prius

642 3731 735 3805 sit
788 3727 1323 3825 compositum,
1401 3750 1556 3811 nec„
1605 3722 1913 3797 multum
1971 3724 2232 3816 refert,
2310 3741 2553 3799 utrum
2605 3727 2884 3798 Osanni
2949 3750 3044 3797 an
3114 3702 3351 3797 meam
3420 3749 3608 3798 sen·-

646 3876 941 3952 tentiam
978 3871 1147 3971 quis
1194 3865 1661 3967 probaverit:
1708 3867 1892 3944 illud
1933 3894 2112 3944 vero
2162 3872 2566 3970 permirum
2620 3885 2750 3958 est,
2799 3874 3207 3959 Osannum,
3257 3894 3424 3943 cum
3480 3869 3602 3942 hic

644 3996 1045 4092 ideni''fere
1092 4016 1187 4089 sit
1235 4028 1546 4103 secutus,
1595 4013 1802 4111 quod
1856 4013 2031 4087 olim
2082 4017 2461 4115 proposui,
2515 4012 2694 4087 mihi
2737 4012 2961 4113 paulo
3011 4028 3177 4112 post
3227 4012 3606 4087 adversari
3647 4000 3666 4009 ’

646 4144 722 4264 p}
747 4165 841 4237 62
878 4164 1192 4256 „Neque
1207 4161 1532 4256 denique
1568 4160 1983 4256 quidquam
2007 4162 2459 4258 proficimus
2494 4185 2586 4233 ex
2611 4163 3058 4253 conjectura
3089 4160 3436 4267 Bergkii,
3472 4160 3606 4255 qui

648 4304 976 4383 Baeclzii
1022 4306 1411 4380 sententia
1464 4308 1561 4378 de
1595 4307 2418 4403 peculiaaiErigonae
2467 4307 2815 4380 carmine
2850 4304 3210 4402 probata,
3267 4329 3432 4376 rem
3482 4305 3601 4377 ita
