4125 5242
2113 422 2180 517 ὅ

665 683 1017 760 contendi
1077 701 1373 786 poetam
1442 681 1755 761 eandem
1830 678 2165 755 fabulam
2229 683 2306 755 in
2371 683 2745 757 Mercurio
2808 649 3359 782 perstrinxisse,
3439 681 3669 762 con--⁴

664 834 966 930 jecique
1018 847 1272 930 postea
1322 828 1650 918 demum,
1704 800 2425 926 quoniam'materia
2476 831 2652 901 satis
2703 828 2910 927 larga
2962 833 3294 930 satisque
3327 844 3632 907 venusta

665 979 819 1055 visa
887 991 1080 1065 erat,
1171 972 1368 1048 idem
1438 988 1954 1079 argumentum
2021 966 2381 1070 singulari
2451 976 2777 1056 carmine
2845 974 3082 1048 fusius
3156 994 3629 1075 persecutum

663 1143 843 1194 esse.
940 1121 1099 1194 Atia
1148 1117 1516 1255 quaedam
1568 1115 1664 1191 de
1713 1120 2039 1256 Erigone
2089 1115 2240 1189 dixi
2290 1119 2368 1191 in
2432 1122 3134 1193 commentationum
3188 1124 3622 1194 Criticarum

662 1264 1020 1338 Particula
1089 1269 1170 1337 11.
1241 1290 1315 1361 p.
1370 1266 1449 1336 V.
1548 1267 1821 1336 Denuo
1891 1266 2319 1362 nuperrime
2403 1267 2480 1336 in
2543 1264 2687 1338 hoc
2771 1275 3245 1378 argumento
3299 1282 3627 1381 versatus

662 1426 773 1484 est
823 1416 880 1484 F
886 1408 1076 1483 ried
1110 1414 1448 1483 Osannus
1517 1406 1649 1499 (de
1697 1404 2206 1501 Eratosthenis
2255 1412 2613 1508 Erigom,
2694 1412 3017 1482 carmine
3068 1409 3418 1508 Elegiaco
3491 1436 3632 1485 scr.

661 1561 781 1629 Fr.
836 1560 1106 1628 Osann.
1157 1555 1549 1651 Gottingae
1608 1551 1868 1646 1846);
1940 1568 2013 1624 at
2082 1578 2176 1626 ne
2230 1553 2351 1626 hic
2399 1553 2702 1651 quidem
2757 1557 2870 1628 vir
2919 1553 3390 1631 doctissimus
3455 1557 3632 1630 satis

665 1702 856 1774 cavit
906 1699 1003 1773 ab
1053 1697 1454 1793 erroribuS,
1503 1698 1749 1795 itaque
1797 1711 2087 1795 operae‘
2128 1697 2385 1772 vIdeor
2432 1703 2748 1796 pretium
2804 1701 3151 1791 facturus,
3204 1703 3265 1772 si
3316 1699 3628 1776 eandem
3672 1754 3680 1759 -

666 1843 860 1918 hanc
908 1845 1412 1942 quaestionem
1465 1828 1747 1914 iterum‘
1789 1841 1933 1914 sub
1985 1843 2300 1916 examen
2367 1870 2751 1918 vocavero.
2822 1845 3010 1918 Nolo
3065 1862 3309 1918 autem
3361 1849 3635 1936 omnia,

666 2016 858 2088 quae
895 2002 1431 2063 commentatus
1480 2002 1587 2058 est
1619 1979 1981 2071 Osannus,
2032 1976 2713 2081 perscrutari‚‘nam
2768 1988 2897 2060 odi
2944 1989 3375 2087 improbum
3432 1989 3634 2064 hunc

665 2104 1111 2210 adversandi
1160 2130 1517 2218 laborem,
1569 2125 1698 2200 sed
1778 2129 2161 2225 potissima
2227 2145 2506 2217 tantum
2555 2094 2853 2229 eligam.

860 2284 1199 2352 Osannus
1247 2290 1488 2347 autem
1534 2271 1688 2344 fere
1731 2269 1932 2345 idem
1982 2276 2234 2347 statuit
2267 2274 2380 2352 ,de
2424 2275 2899 2363 necessitate,
2976 2254 3171 2374 quac
3222 2275 3632 2352 intercedat

665 2430 857 2500 inter
903 2410 1349 2496 Mercurium
1403 2433 1475 2489 et
1523 2419 1968 2515 Erigonem,
2056 2417 2265 2516 quod
2317 2445 2458 2519 ego
2524 2419 2698 2493 olim
2755 2424 3150 2520 proposui,
3236 2424 3376 2497 nisi
3424 2421 3631 2520 quod

668 2583 916 2645 censet
963 2568 1362 2665 Erigonem
1414 2568 1618 2661 prius
1668 2564 2015 2663 scriptam
2069 2588 2266 2654 esse3
2319 2564 2495 2639 dicit
2544 2569 2736 2638 enim
2789 2592 2859 2664 p.
2907 2565 2997 2639 4:
3077 2569 3356 2658 „Quod
3402 2571 3634 2640 deni-

668 2742 813 2815 que
873 2702 1098 2808 ponit
1163 2706 1762 2804 Bernhardyus,
1849 2735 2083 2805 quum
2135 2711 2537 2804 Erigonae
2602 2688 2943 2784 historia
3021 2714 3428 2785 B‘Iercurio
3496 2716 3631 2784 in-

669 2834 827 2935 seri
880 2856 1300 2944 debuisset,
1391 2855 1522 2926 vix
1545 2853 1738 2948 fieri
1785 2858 2170 2950 potuisse,
2237 2870 2323 2927 ut
2374 2861 2699 2929 eandem
2764 2858 3165 2929 itentidem
3213 2884 3376 2930 rem
3425 2859 3629 2930 idem

667 3018 1158 3080 tractaturus
1211 3002 1546 3095 suisset,
1634 3002 1720 3072 id
1782 3001 2078 3073 nullius
2148 3003 2456 3073 omnino
2518 3004 2829 3074 videtur
2896 3005 3301 3092 momenti,
3400 3028 3632 3099 quum

672 3150 873 3224 sumi
910 3148 1165 3243 possit
1218 3145 1549 3240 elegiam
1599 3147 1698 3216 de
1747 3146 2110 3277 Erigona
2146 3149 2378 3241 prius
2424 3172 2652 3244 quam
2701 3147 3190 3219 Mercurium
3256 3148 3633 3243 scriptam

672 3320 869 3378 esse,
975 3271 1373 3386 Erigonae
1408 3317 1625 3365 vero
1687 3315 1819 3363 rec
1885 3293 1970 3363 in
2029 3292 2472 3372 Mercurio,
2570 3293 2748 3386 ipsa
2809 3293 3113 3365 ratione
3190 3294 3633 3386 argumenti

658 3439 1153 3537 postulante,
1231 3461 1462 3534 quam
1524 3435 1999 3509 brevissimis
2044 3436 2300 3509 verbis
2363 3451 3001 3509 commemoratas
3051 3438 3281 3509 esse.“
3359 3431 3633 3512 ,Irritus

672 3584 895 3658 fuerit
945 3580 1201 3671 labor,
1248 3584 1312 3655 si
1358 3583 1532 3680 quis
1581 3578 1868 3654 dehac
1916 3605 1996 3653 re
2048 3579 2446 3679 disceptari
2477 3580 2705 3674 aelst,
2773 3580 3015 3671 utrum
3069 3604 3372 3665 carmen
3428 3583 3635 3680 prius

671 3731 765 3804 sit
816 3727 1353 3825 compositum,
1432 3750 1586 3812 nec,
1635 3723 1943 3798 multum
1994 3725 2262 3818 refert,
2341 3741 2584 3799 utrum
2636 3728 2914 3799 Osanni
2979 3750 3073 3797 an
3144 3704 3382 3798 meam
3450 3751 3637 3799 sen·-

675 3875 970 3951 tentiam
1006 3873 1177 3972 quis
1224 3867 1691 3968 probaverit:
1739 3869 1922 3944 illud
1965 3896 2142 3945 vero
2192 3873 2597 3970 permirum
2651 3886 2780 3958 est,
2828 3876 3237 3959 Osanuum‚
3288 3896 3455 3944 cum
3510 3871 3632 3944 hic

674 3994 868 4092 idean
906 4002 1074 4089 'fere
1122 4017 1215 4088 sit
1265 4029 1576 4103 secutus,
1626 4012 1833 4111 quod
1886 4014 2061 4089 olim
2112 4018 2491 4116 proposui,
2545 4014 2723 4088 mihi
2767 4014 2990 4113 paulo
3041 4031 3208 4112 post
3258 4013 3637 4088 adversari
3679 4001 3696 4011 ’

677 4146 752 4264 ρ’.
776 4166 871 4237 6:
908 4165 1221 4256 „Neque
1237 4161 1562 4256 denique
1598 4161 2011 4257 quidquam
2037 4163 2489 4258 proficimus
2525 4185 2617 4233 cx
2641 4164 3089 4255 conjectura
3120 4160 3467 4269 Bergkii,
3502 4161 3636 4256 qui

677 4305 1005 4384 Baccltii
1051 4307 1441 4380 sententia
1494 4309 1592 4378 de
1626 4308 2450 4404 peculianiErigonae
2497 4308 2846 4380 carmine
2880 4306 3240 4402 probata,
3296 4330 3462 4378 rem
3513 4307 3631 4379 ita
