4125 5242
2096 422 2164 518 ὅ

649 685 1001 763 contendi
1061 703 1357 787 poetam
1426 682 1740 760 eandem
1813 679 2148 755 fabulam
2212 684 2290 755 in
2355 684 2728 756 Mercurio
2791 649 3342 782 perstrinxisse,
3422 708 3617 762 con-

648 835 950 931 jecique
1002 848 1254 931 postea
1306 830 1634 918 demum,
1688 830 2042 927 quoniam
2098 827 2408 900 materia
2460 832 2635 902 satis
2686 829 2894 928 larga
2945 834 3280 929 satisque·
3309 844 3617 909 venusta

649 980 803 1055 visa
872 992 1064 1066 erat,
1155 975 1352 1049 idem
1422 989 1938 1079 argumentum
2004 968 2364 1070 singulari
2435 977 2762 1057 carmine
2829 975 3066 1049 fusius
3140 994 3612 1075 persecutum

647 1146 827 1196 esse.
923 1122 1083 1195 Alia
1132 1117 1501 1220 quaedam
1552 1115 1648 1191 de
1697 1121 2023 1218 Erigone
2073 1115 2223 1190 dixi
2273 1120 2352 1191 in
2416 1123 3117 1194 commentationum
3171 1124 3606 1194 criticorum

646 1266 1004 1340 Particula
1073 1270 1154 1339 11.
1225 1292 1299 1363 p.
1354 1266 1433 1336 V.
1532 1266 1802 1337 Denuo
1875 1250 2303 1362 nuperrime
2386 1267 2464 1336 in
2526 1264 2670 1338 hoc
2754 1276 3228 1364 argumento·
3282 1282 3611 1341 versatus

648 1428 756 1485 est
806 1408 1061 1485 Fried..
1094 1415 1433 1483 Osannus
1502 1405 1633 1499 (de
1682 1405 2189 1502 Eratosthenis
2239 1412 2597 1509 Erigona,
2675 1412 3000 1482 carmine
3050 1378 3418 1509 Elegiaco
3473 1436 3616 1484 scr.

645 1562 766 1630 Fr.
820 1561 1090 1629 Osann.
1141 1556 1535 1652 Gottingae
1592 1552 1851 1647 1846);
1924 1569 1996 1625 at
2067 1578 2160 1626 ne
2214 1552 2334 1626 hic
2383 1553 2686 1651 quidem
2740 1557 2853 1628 vir
2901 1554 3374 1629 doctissimus
3439 1558 3615 1630 satis

650 1704 840 1776 cavit
890 1700 987 1774 ab
1028 1698 1438 1795 erroribus,
1486 1699 1733 1795 itaque
1781 1711 2072 1795 operae‘
2111 1697 2368 1772 videor
2417 1703 2732 1796 pretium
2788 1701 3135 1792 tacturus,
3187 1704 3248 1772 si
3300 1699 3611 1776 eandem
3655 1754 3664 1760 .

651 1844 845 1918 hanc
893 1846 1396 1942 quaestionem
1450 1828 1731 1914 iterum⁸
1773 1841 1917 1914 snb
1969 1844 2284 1916 examen
2350 1869 2735 1919 vocavero.
2806 1845 2994 1917 Nolo
3049 1861 3292 1918 autem
3346 1849 3618 1936 omnia,

651 2016 844 2089 quae
880 2002 1415 2063 commentatus
1462 2002 1570 2058 est
1603 1979 1965 2071 Osannus‚
2016 1991 2697 2082 perscrutari,'nam
2753 1988 2881 2060 odi
2928 1989 3358 2087 improbum
3415 1989 3617 2064 hunc

650 2106 1095 2211 adversandi
1145 2131 1502 2218 laborem,
1553 2126 1684 2201 sed
1764 2129 2146 2225 potissima
2211 2145 2492 2218 tantum
2539 2092 2837 2230 eligam.

846 2286 1183 2353 Osannus
1233 2291 1473 2348 autem
1517 2272 1673 2345 fere
1715 2270 1916 2346 idem
1967 2277 2218 2347 statuit
2251 2274 2363 2351 .de
2407 2275 2883 2363 necessitate,
2960 2254 3155 2374 quae
3206 2276 3615 2351 intercedat

650 2433 840 2502 inter
888 2411 1334 2498 Mercurium
1388 2434 1459 2490 et
1507 2420 1952 2516 Erigonem,
2040 2418 2249 2517 quod
2301 2445 2442 2519 ego
2508 2420 2682 2494 olim
2740 2424 3134 2520 proposui,
3220 2424 3359 2496 nisi
3407 2422 3614 2520 quod

653 2585 901 2646 censet
948 2570 1346 2666 Erigonem
1400 2569 1602 2662 prius
1651 2566 1999 2663 scriptam
2052 2589 2251 2657 esse;
2303 2565 2478 2638 dicit
2529 2570 2720 2638 enim
2773 2593 2843 2664 p.
2891 2566 2980 2640 4:
3061 2566 3340 2658 „Quod
3385 2571 3618 2640 deni-

654 2743 798 2817 que
858 2702 1083 2810 ponit
1149 2707 1747 2805 BernhardyuS,
1834 2736 2067 2806 quum
2119 2713 2521 2804 Erigonae
2586 2688 2928 2784 historia
3006 2714 3411 2785 fflercurio
3479 2715 3615 2784 in-

654 2835 812 2937 seri
864 2857 1285 2968 debuisset,
1376 2828 1507 2927 uix
1530 2854 1722 2949 fieri
1769 2859 2155 2950 potuisse,
2221 2870 2307 2928 ut
2358 2862 2683 2929 eandem
2748 2858 3149 2930 itentidem
3197 2883 3357 2929 rem
3408 2860 3612 2930 idem

652 3020 1143 3081 tractaturus
1197 3003 1530 3097 suisset,
1618 3002 1705 3073 id
1767 3002 2062 3074 nullius
2133 3004 2440 3074 omnino
2504 3004 2813 3074 videtur
2880 3004 3285 3094 momenti,
3384 3027 3615 3098 quum

657 3153 857 3226 sumi
894 3149 1151 3245 possit
1202 3147 1536 3242 elegiam
1583 3148 1682 3217 de
1732 3147 2094 3241 Erigona
2130 3149 2362 3242 prius
2408 3172 2636 3244 quam
2686 3147 3173 3219 Mercurium
3240 3148 3616 3242 scriptam

657 3322 854 3380 esse.
960 3296 1358 3388 Erigonae
1393 3318 1609 3366 vero
1672 3316 1804 3365 res
1870 3294 1955 3363 in
2014 3292 2454 3373 Mercurio,
2554 3293 2732 3387 ipsa
2794 3293 3098 3364 ratione
3173 3293 3617 3385 argumenti

643 3442 1138 3539 postulante,
1217 3463 1446 3535 quam
1474 3437 1984 3510 brevissimis
2030 3437 2285 3510 verbis
2347 3451 2985 3509 commemoratas
3035 3461 3217 3509 esse.
3222 3438 3265 3476 “
3361 3438 3617 3512 Irritus

659 3585 881 3659 fuerit
932 3581 1187 3672 labor,
1234 3584 1297 3656 si
1344 3583 1518 3681 quis
1565 3579 1663 3654 de
1712 3580 1853 3655 hae
1901 3606 1982 3654 re
2034 3579 2431 3679 disceptari
2460 3582 2690 3675 sent,
2756 3597 3001 3672 utrum
3054 3604 3356 3653 carmen
3412 3583 3620 3681 prius

656 3733 750 3807 sit
803 3728 1338 3827 compositum,
1418 3751 1571 3813 nec,
1621 3724 1928 3799 multum
1987 3725 2248 3819 refert,
2326 3710 2569 3800 utrum
2621 3728 2899 3799 Osanni
2964 3751 3058 3798 an
3129 3704 3366 3798 meam
3434 3750 3622 3799 sen-

660 3877 956 3953 tentiam
992 3874 1163 3973 quis
1210 3868 1676 3969 probaverit:
1724 3869 1908 3945 illud
1951 3897 2128 3945 vero
2178 3873 2581 3971 permirum
2635 3886 2765 3959 est,
2812 3875 3221 3960 Osannum,
3271 3896 3439 3945 cum
3494 3870 3617 3943 hic

658 4000 854 4094 idem
894 4002 1061 4090 'fere
1107 4018 1201 4091 sit
1251 4029 1562 4105 secutus,
1611 4014 1819 4112 quod
1871 4016 2046 4090 olim
2097 4010 2476 4117 proposui,
2531 4014 2708 4112 mihi
2750 4014 2976 4114 paulo
3026 4031 3193 4113 post
3242 4014 3621 4090 adversari
3662 4001 3681 4011 ⁶

662 4146 738 4266 p..
761 4167 856 4239 6:
892 4166 1207 4258 „Neque
1222 4162 1548 4258 denique
1584 4163 1996 4258 quidquam
2022 4164 2473 4259 proficimus
2510 4186 2601 4233 cx
2626 4164 3073 4256 conjectura
3104 4161 3452 4269 Bergk-ii,
3487 4161 3623 4256 qui

663 4306 990 4385 Baccha·
1037 4308 1426 4381 sententia
1479 4310 1577 4379 de
1612 4309 2433 4406 peculimiEr-igonae
2482 4308 2831 4381 carmine
2865 4305 3225 4403 probata,
3282 4330 3446 4378 rem
3498 4307 3616 4378 ita
