4125 5242
658 677 981 764 censuit,
1060 700 1253 771 quae
1320 677 1714 773 inscriptae
1799 689 2019 757 eran&
2075 679 2380 774 Ἔρωτες
2437 684 2478 774 ἢ
2536 686 2824 791 Kelol..
2885 679 3287 776 respiciens
3350 677 3618 754 dixerit

658 832 913 917 ἱστορεῖ
950 829 1314 913 Φανοκλῆς
1371 827 1436 895 ἐν
1492 830 1642 902 τοῖς
1701 827 1953 895 ἑαυτοῦ
2017 828 2458 914 καταλόγοις.
2537 818 2940 918 ‘Illud‘jam
2995 839 3322 921 apparet,
3353 796 3615 900 ⁴Scho-

659 960 943 1034 liastam
1020 964 1357 1052 Homeri,
1431 987 1600 1034 cum
1671 958 2004 1062 fabulam
2092 961 2295 1033 illam
2375 960 2471 1034 de
2533 928 2857 1062 Erigone
2941 963 3375 1062 exponeret,
3461 993 3613 1043 non

531 1119 540 1127 ·
654 1102 886 1200 elegia
918 1103 1453 1190 Eratosthenis,
1509 1102 1641 1177 sed
1678 1106 2043 1176 Mercurio
2095 1129 2308 1177 usum
2363 1129 2564 1197 esse3
2612 1130 2865 1180 verum
2919 1110 3283 1183 consimili
3327 1115 3612 1185 ratione

653 1264 947 1345 poetam
1000 1248 1313 1321 eandem
1366 1246 1521 1321 rem
1575 1248 1793 1320 etiam
1839 1252 1917 1320 in
1968 1247 2300 1347 elegiaco
2349 1253 2676 1324 carmine
2723 1255 3123 1326 memoriae
3166 1253 3608 1350 prodidisse,
3687 1262 3692 1267 ’

651 1409 1224 1467 consentaneum
1278 1408 1405 1465 est.
1660 1390 1671 1394 ⁴

852 1538 1125 1608 Verum
1174 1537 1476 1633 inlipsa
1542 1535 1955 1631 argumenti
2026 1558 2428 1634 rerumque
2489 1536 2962 1611 similitudine
3031 1537 3286 1636 dispar
3357 1538 3603 1615 tamen

650 1680 1031 1778 utriusque
1080 1682 1429 1753 carminis
1496 1680 1685 1751 ratio
1734 1694 1913 1751 erat.
2009 1683 2194 1753 Nam
2244 1683 2322 1752 in
2366 1649 2770 1774 Mercurio,
2845 1684 3206 1779 quamvis,
3256 1699 3336 1757 ut
3384 1683 3605 1759 docet

584 1885 591 1889 .
646 1820 1042 1895 scholiasta
1066 1827 1389 1913 Homeri,
1438 1825 1683 1909 omnia
1720 1819 1982 1895 ordine
2016 1825 2111 1895 sit
2144 1840 2358 1922 poeta
2400 1840 2847 1921 persecutus,
2893 1842 3135 1900 tamen
3180 1833 3598 1902 summatim

649 1956 979 2039 fabulam
1028 1969 1529 2065 perstringere
1580 1966 1941 2055 debebat,
2016 1992 2246 2062 quam
2295 1970 2370 2039 in
2423 1967 2748 2065 elegiaco
2803 1973 3127 2042 carmine
3177 1970 3601 2068 diligentius

649 2076 994 2207 exposuit
1072 2112 1499 2206 ingeniique
1571 2107 1981 2182 luminibus
2063 2110 2373 2182 ornavit.
2470 2115 2575 2182 lta
2649 2128 3225 2188 consentaneum
3304 2132 3452 2206 est,
3521 2118 3600 2189 in

650 2252 885 2349 elegia
932 2250 1497 2325 Eratosthenem
1551 2276 1677 2340 ea,
1759 2276 1953 2349 quae
2022 2250 2119 2325 ad
2170 2251 2619 2350 hospitium,
2677 2222 2853 2352 *quo
2901 2242 3175 2330 Icarius
3211 2256 3594 2331 Bacchum

648 2399 974 2496 excepit,
1092 2394 1599 2495 pertinebant,
1723 2420 1872 2468 non
1977 2396 2236 2494 primis
2311 2383 2773 2472 lineamentis
2853 2397 3369 2496 descripsisse,
3464 2401 3597 2475 sed

651 2508 1210 2639 diligentissime
1259 2541 1589 2615 oratione
1636 2554 2104 2638 persecutum
2160 2563 2360 2612 esse:
2418 2537 2600 2613 'nam
2646 2539 2796 2614 hoc
2842 2541 3049 2633 loco,
3110 2545 3174 2618 si
3223 2567 3374 2638 quo
3424 2546 3593 2637 alio,

630 2699 908 2787 poeta,
1012 2683 1199 2778 quid
1271 2686 1399 2774 (in.
1472 2674 1809 2756 moribus
1907 2681 2424 2758 describendis
2521 2668 2838 2777 valeret,
2901 2688 3262 2784 experiri
3353 2685 3599 2761 debe-

648 2828 801 2903 bat.
919 2833 1150 2904 Porro
1225 2842 1799 2907 consentaneum
1896 2842 2045 2918 est,
2159 2825 2605 2927 firmantque
2705 2830 2915 2926 ipsae
2986 2826 3219 2928 hujus
3311 2831 3597 2928 elegiae

649 2974 1046 3072 reliquiae,
1118 2969 1722 3062 Eratosthenem,
1790 2957 2019 3068 quam
2066 2973 2213 3045 vim
2263 2969 2530 3047 Bacchi
2574 2997 2876 3063 munus,
2965 2971 3173 3070 quod
3226 2999 3597 3073 cum-pa-

648 3118 970 3193 storibus
1012 3117 1421 3191 liberaliter
1472 3116 2039 3190 communicavit
2070 3118 2379 3208 Icarius,
2428 3120 2506 3189 in
2552 3115 2777 3190 rudes
2828 3117 3126 3191 animos,
3170 3121 3596 3210 exercuerit,

604 3265 1009 3338 ·non*sine
1060 3261 1459 3337 verborum
1514 3261 1872 3357 gravitate
1923 3258 2390 3358 persecutum
2455 3284 2655 3353 esse:
2746 3285 2915 3332 nam
2967 3258 3142 3333 inde
3189 3261 3596 3358 repetenda

651 3424 763 3482 est
830 3410 1069 3481 omnis
1137 3403 1501 3479 malorum
1578 3405 1814 3503 origo.
1940 3402 2233 3479 Deinde
2333 3405 2732 3479 verisimile
2820 3418 2966 3493 est,
3052 3419 3346 3500 poetam
3416 3407 3596 3495 Eri-2

652 3575 886 3650 gones
985 3550 1182 3623 filiae
1277 3571 1689 3622 moerorem
1742 3564 1848 3633 ⁸et
1944 3548 2244 3623 fatalem
2325 3564 2678 3639 mortem,
2777 3549 2948 3658 item
3011 3550 3308 3621 .miram
3394 3553 3598 3623 canis

658 3693 1083 3769 fidelitatem
1129 3716 1414 3766 summa
1472 3708 1629 3793 arte
1698 3709 1768 3766 et
1830 3696 2135 3791 copiose
2199 3692 2719 3792 descripsisse,
2797 3706 2873 3762 ut
2939 3692 3215 3788 pariter
3276 3690 3461 3788 quid
3522 3680 3598 3765 in

656 3838 1038 3914 affectibus
1087 3835 1479 3910 movendis
1543 3852 1829 3936 posset,
1900 3835 2363 3913 ostenderet:
2439 3838 2698 3934 ibique
2763 3833 3038 3932 adjecit
3104 3832 3310 3909 haud
3376 3836 3602 3911 dubie

659 3981 1054 4072 nonnulla,
1133 4006 1325 4078 quae
1377 3983 1451 4051 in
1500 3985 1868 4091 Mercurio
1931 4007 2236 4080 prorsus
2284 3981 2574 4055 silentio
2625 3979 3251 4079 praetermiserat,
3326 4003 3602 4076 quem·-

630 4125 1069 4219 ‚admodum
1119 4124 1347 4221 illud,
1429 4125 1639 4224 quod
1684 4127 2021 4227 Hyginus
2070 4136 2358 4202 Astron.
2408 4130 2495 4202 11.
2542 4130 2611 4200 4.
2683 4120 3458 4220 memoriae·prodidit
3509 4121 3605 4199 de

660 4297 864 4364 cane,
916 4295 1111 4370 quae
1160 4273 1237 4342 in
1289 4286 1592 4368 puteum
1642 4297 1724 4346 se
1772 4273 2305 4379 praecipitavit.
2402 4271 2746 4370 Denique
2795 4264 3186 4367 probabile
3236 4281 3380 4358 est,
3427 4269 3604 4343 Era-

3074 4421 3124 4488 2
3183 4420 3198 4429 „,
